@article{Petrovskii2012,
    title = {{Computational ecology as an emerging science}},
    year = {2012},
    author = {Petrovskii, S and Petrovskaya, N},
    isbn = {2042-8898},
    doi = {10.1098/rsfs.2011.0083},
    issn = {2042-8898},
    pmid = {23565336}
}

@article{Klink2005,
    title = {{A conserva{\c{c}}{\~{a}}o do Cerrado brasileiro}},
    year = {2005},
    journal = {Megadiversidade},
    author = {Klink, Carlos A. and Machado, Ricardo B.},
    number = {1},
    pages = {147--155},
    volume = {1}
}

@article{Michener2015,
    title = {{Ecological data sharing}},
    year = {2015},
    journal = {Ecological Informatics},
    author = {Michener, William K},
    month = {9},
    pages = {33--44},
    volume = {29},
    url = {http://www.sciencedirect.com/science/article/pii/S1574954115001004},
    doi = {10.1016/j.ecoinf.2015.06.010},
    issn = {15749541},
    keywords = {Data publication, Data sharing, Information technology, Metadata, Open access, Policy}
}

@article{Inoue2015,
    title = {{Utilization of ground-based digital photography for the evaluation of seasonal changes in the aboveground green biomass and foliage phenology in a grassland ecosystem}},
    year = {2015},
    journal = {Ecological Informatics},
    author = {Inoue, Tomoharu and Nagai, Shin and Kobayashi, Hideki and Koizumi, Hiroshi},
    month = {1},
    pages = {1--9},
    volume = {25},
    url = {http://www.sciencedirect.com/science/article/pii/S1574954114001290},
    doi = {10.1016/j.ecoinf.2014.09.013},
    issn = {15749541},
    keywords = {Biomass estimation, Digital camera, Digital repeat photography, Phenological observations, RGB}
}

@article{Rocchini2015,
    title = {{Advancing species diversity estimate by remotely sensed proxies: A conceptual review}},
    year = {2015},
    journal = {Ecological Informatics},
    author = {Rocchini, Duccio and Hern{\'{a}}ndez-Stefanoni, José Luis and He, Kate S.},
    month = {1},
    pages = {22--28},
    volume = {25},
    url = {http://www.sciencedirect.com/science/article/pii/S1574954114001435},
    doi = {10.1016/j.ecoinf.2014.10.006},
    issn = {15749541},
    keywords = {Biodiversity, Distance decay models, Remote sensing, Spatial ecology}
}

@misc{BonterDavidN.Bridge2011,
    title = {{Applications of radio frequency identification (RFID) in ornithological research: a review}},
    year = {2011},
    author = {Bonter, David N. ; Bridge, Eli S.},
    url = {http://feederwatch.org/wp-content/uploads/2013/09/Bonter_JFO_2011.pdf}
}

@article{Franca2013,
    title = {{Diversity, activity patterns, and habitat use of the snake fauna of Chapada dos Veadeiros National Park in Central Brazil }},
    year = {2013},
    journal = {Diversidade, padrões de atividade, e uso de habitat da fauna de serpents do Parque Nacional da Chapada dos Veadeiros no Brasil Central},
    author = {Fran{\c{c}}a, F G R and Braz, V S},
    number = {1},
    pages = {74--85},
    volume = {13},
    url = {http://www.scopus.com/inward/record.url?eid=2-s2.0-84877780083&partnerID=40&md5=6e613f3554720efac7add3739dd2ad2f},
    doi = {10.1590/S1676-06032013000100008},
    issn = {16760603 (ISSN)},
    keywords = {Assemblage, Brazilian cerrado, Ecology, Snakes}
}

@book{Reis2011,
    title = {{Mam{\'{i}}feros do Brasil}},
    year = {2011},
    author = {Reis, Nelio R and Peracchi, Adriano L and Pedro, Wagner A and Lima, Isaac P De},
    edition = {2},
    pages = {439},
    address = {Londrina}
}

@book{CarvalhoJr2008,
    title = {{Pegadas}},
    year = {2008},
    booktitle = {S{\'{e}}rie Boas Pr{\'{a}}ticas},
    author = {Carvalho Jr, O and Luz, N C},
    pages = {64},
    volume = {3},
    isbn = {9788524704734},
    keywords = {EA, animal tracks, animal trecking, mammals, pegadas}
}

@article{Costa2006,
    title = {{Courtship, vocalization, and tadpole description of Epipedobates flavopictus (Anura: Dendrobatidae) in southern Goi{\'{a}}s, Brazil}},
    year = {2006},
    journal = {Biota Neotropica},
    author = {Costa, Ronan Caldeira and Facure, Kátia Gomes and Giaretta, Ariovaldo Antonio},
    number = {1},
    volume = {6},
    publisher = {Programa BIOTA/FAPESP},
    url = {http://www.scielo.br/scielo.php?script=sci_arttext&pid=S1676-06032006000100006&lng=en&nrm=iso&tlng=en},
    doi = {10.1590/S1676-06032006000100006},
    issn = {1676-0603}
}

@article{Magrini2010,
    title = {{Geographic call variation and further notes on habitat of Ameerega flavopicta (Anura, Dendrobatidae)}},
    year = {2010},
    journal = {Studies on Neotropical Fauna and Environment},
    author = {Magrini, L and Facure, K G and Giaretta, A A and da Silva, W R and Costa, R C},
    number = {2},
    pages = {89--94},
    volume = {45},
    url = {http://www.scopus.com/inward/record.url?eid=2-s2.0-77955104522&partnerID=40&md5=d83a0b688c7f18d36b3a85c92532d351},
    isbn = {0165-0521},
    doi = {10.1080/01650521.2010.494025},
    issn = {0165-0521},
    keywords = {Abundance, Brazil, Cephalic amplexus, Dendrobatid frog, Vocalization}
}

@article{Hardisty2013,
    title = {{A decadal view of biodiversity informatics: challenges and priorities.}},
    year = {2013},
    journal = {BMC ecology},
    author = {Hardisty, Alex and Roberts, Dave and Addink, Wouter and Aelterman, Bart and Agosti, Donat and Amaral-Zettler, Linda and Ari{\~{n}}o, Arturo H and Arvanitidis, Christos and Backeljau, Thierry and Bailly, Nicolas and Belbin, Lee and Berendsohn, Walter and Bertrand, Nic and Caithness, Neil and Campbell, David and Cochrane, Guy and Conruyt, Noël and Culham, Alastair and Damgaard, Christian and Davies, Neil and Fady, Bruno and Faulwetter, Sarah and Feest, Alan and Field, Dawn and Garnier, Eric and Geser, Guntram and Gilbert, Jack and {Grosche} and Grosser, David and Herbinet, Bénédicte and Hobern, Donald and Jones, Andrew and de Jong, Yde and King, David and Knapp, Sandra and Koivula, Hanna and Los, Wouter and Meyer, Chris and Morris, Robert A and Morrison, Norman and Morse, David and Obst, Matthias and Pafilis, Evagelos and Page, Larry M and Page, Roderic and Pape, Thomas and Parr, Cynthia and Paton, Alan and Patterson, David and Paymal, Elisabeth and Penev, Lyubomir and Pollet, Marc and Pyle, Richard and von Raab-Straube, Eckhard and Robert, Vincent and Robertson, Tim and Rovellotti, Olivier and Saarenmaa, Hannu and Schalk, Peter and Schaminee, Joop and Schofield, Paul and Sier, Andy and Sierra, Soraya and Smith, Vince and van Spronsen, Edwin and Thornton-Wood, Simon and van Tienderen, Peter and van Tol, Jan and Tuama, Éamonn Ó and Uetz, Peter and Vaas, Lea and Vignes Lebbe, Régine and Vision, Todd and Vu, Duong and De Wever, Aaike and White, Richard and Willis, Kathy and Young, Fiona},
    pages = {16},
    volume = {13},
    url = {http://www.scopus.com/inward/record.url?eid=2-s2.0-84876141312&partnerID=tZOtx3y1},
    isbn = {1472-6785},
    doi = {10.1186/1472-6785-13-16},
    issn = {1472-6785},
    pmid = {23587026},
    keywords = {Animals, Biodiversity, Computational Biology, Computational Biology: instrumentation, Computational Biology: methods, Ecosystem, Humans, Information Dissemination}
}

@article{LaSorte2016,
    title = {{Convergence of broad-scale migration strategies in terrestrial birds.}},
    year = {2016},
    journal = {Proceedings. Biological sciences / The Royal Society},
    author = {La Sorte, Frank A and Fink, Daniel and Hochachka, Wesley M and Kelling, Steve},
    number = {1823},
    month = {1},
    pages = {20152588-},
    volume = {283},
    url = {http://rspb.royalsocietypublishing.org/content/283/1823/20152588.full.pdf},
    doi = {10.1098/rspb.2015.2588},
    issn = {1471-2954},
    pmid = {26791618}
}

@article{Rees2014a,
    title = {{Taxamatch, an algorithm for near ('fuzzy') matching of scientific names in taxonomic databases.}},
    year = {2014},
    journal = {PloS one},
    author = {Rees, Tony},
    number = {9},
    month = {1},
    pages = {e107510},
    volume = {9},
    publisher = {Public Library of Science},
    url = {http://journals.plos.org/plosone/article?id=10.1371/journal.pone.0107510},
    doi = {10.1371/journal.pone.0107510},
    issn = {1932-6203},
    pmid = {25247892},
    keywords = {Algorithms, Classification, Classification: methods, Databases, Factual}
}

@inproceedings{Xavier2012,
    title = {{Analyzing the workload dynamics of a mobile phone network in large scale events}},
    year = {2012},
    booktitle = {Proceedings of the first workshop on Urban networking - UrbaNe '12},
    author = {Xavier, Faber Henrique Zacarias and Silveira, Lucas Maia and Almeida, Jussara Marques de and Ziviani, Artur and Malab, Carlos Henrique Silva and Marques-Neto, Humberto Torres},
    month = {12},
    pages = {37},
    publisher = {ACM Press},
    url = {http://dl.acm.org/citation.cfm?id=2413236.2413245},
    address = {New York, New York, USA},
    isbn = {9781450317818},
    doi = {10.1145/2413236.2413245},
    keywords = {human mobility, large scale events, mobile phone network}
}

@article{Ziviani2012,
    title = {{LINHA DE PRODUTO DE SOFTWARE PARA SISTEMAS DE INFORMA{\c{C}}{\~{A}}O EM SA{\'{U}}DE}},
    year = {2012},
    journal = {Jornal Brasileiro de TeleSSa{\'{u}}de},
    author = {Ziviani, Artur and Gomes, Antônio Tadeu Azevedo and Saade, Débora Christina Muchaluat},
    number = {1},
    month = {9},
    pages = {1--10},
    volume = {1},
    url = {http://www.e-publicacoes.uerj.br/ojs/index.php/jbtelessaude/article/view/6398},
    doi = {10.12957/jbrastele.2012.6398},
    issn = {2238-3581},
    keywords = {Desenvolvimento dirigido por modelos, Linha de produto de software, Sistemas de informa{\c{c}}{\~{a}}o em sa{\'{u}}de},
    language = {pt}
}

@misc{Pastor-Satorras2001,
    title = {{Epidemic Spreading in Scale-Free Networks}},
    year = {2001},
    booktitle = {Physical Review Letters},
    author = {Pastor-Satorras, Romualdo and Vespignani, Alessandro},
    url = {http://journals.aps.org/prl/pdf/10.1103/PhysRevLett.86.3200}
}

@article{Reiter2007,
    title = {{Oviposition, Dispersal, and Survival in <i>Aedes aegypti:</i> Implications for the Efficacy of Control Strategies}},
    year = {2007},
    journal = {Vector-Borne and Zoonotic Diseases},
    author = {Reiter, Paul},
    number = {2},
    month = {6},
    pages = {261--273},
    volume = {7},
    publisher = { Mary Ann Liebert, Inc.  140 Huguenot Street, 3rd Floor New Rochelle, NY 10801-5215 USA  },
    url = {http://www.liebertonline.com/doi/abs/10.1089/vbz.2006.0630},
    doi = {10.1089/vbz.2006.0630},
    issn = {1530-3667},
    keywords = {Aedes, Dengue, Field studies, Mosquito(es), Vector}
}

@article{Possas2016,
    title = {{Zika: what we do and do not know based on the experiences of Brazil.}},
    year = {2016},
    journal = {Epidemiology and health},
    author = {Possas, Cristina},
    pages = {e2016023},
    volume = {38},
    publisher = {Korean Society of Epidemiology},
    url = {https://www.ncbi.nlm.nih.gov/pmc/articles/PMC4974447/},
    doi = {10.4178/epih.e2016023},
    pmid = {27283140},
    keywords = {Epidemiology, Guillain-Barr{\'{e}} syndrome, Immunity, Microcephaly, Pathogenesis, Zika virus}
}

@article{Wehmuth2014,
    title = {{On MultiAspect Graphs}},
    year = {2014},
    journal = {arXiv},
    author = {Wehmuth, Klaus and Ziviani, Artur and Fleury, Éric},
    pages = {29},
    doi = {10.1016/j.tcs.2016.08.017},
    issn = {03043975},
    arxivId = {arXiv:submit/1051237},
    archivePrefix = {arXiv},
    eprint = {1051237},
    primaryClass = {submit}
}

@article{Ajelli2010,
    title = {{Comparing large-scale computational approaches to epidemic modeling: agent-based versus structured metapopulation models.}},
    year = {2010},
    journal = {BMC infectious diseases},
    author = {Ajelli, Marco and Gon{\c{c}}alves, Bruno and Balcan, Duygu and Colizza, Vittoria and Hu, Hao and Ramasco, José J and Merler, Stefano and Vespignani, Alessandro},
    pages = {190},
    volume = {10},
    publisher = {BioMed Central},
    url = {https://www.ncbi.nlm.nih.gov/pmc/articles/PMC2914769/},
    doi = {10.1186/1471-2334-10-190},
    pmid = {20587041}
}

@article{DeLima2016,
    title = {{DengueME: A Tool for the Modeling and Simulation of Dengue Spatiotemporal Dynamics}},
    year = {2016},
    journal = {International Journal of Environmental Research and Public Health},
    author = {de Lima, Tiago and Lana, Raquel and de Senna Carneiro, Tiago and Code{\c{c}}o, Cláudia and Machado, Gabriel and Ferreira, Lucas and de Castro Medeiros, Líliam and Davis Junior, Clodoveu},
    number = {9},
    pages = {920},
    volume = {13},
    url = {http://www.mdpi.com/1660-4601/13/9/920/htm},
    isbn = {5531994222390},
    doi = {10.3390/ijerph13090920},
    issn = {1660-4601}
}

@article{Massad2008,
    title = {{Scale-free network of a dengue epidemic}},
    year = {2008},
    journal = {Applied Mathematics and Computation},
    author = {Massad, Eduardo and Ma, Stefen and Chen, Mark and Struchiner, Cláudio José and Stollenwerk, Nico and Aguiar, Maíra},
    number = {2},
    pages = {376--381},
    volume = {195},
    url = {http://www.sciencedirect.com/science/article/pii/S0096300307005528},
    doi = {10.1016/j.amc.2007.04.102}
}

@article{Luke2007,
    title = {{Network analysis in public health: history, methods, and applications.}},
    year = {2007},
    journal = {Annual review of public health},
    author = {Luke, Douglas A and Harris, Jenine K},
    pages = {69--93},
    volume = {28},
    url = {http://www.annualreviews.org/doi/full/10.1146/annurev.publhealth.28.021406.144132?url_ver=Z39.88-2003&rfr_id=ori%3Arid%3Acrossref.org&rfr_dat=cr_pub%3Dpubmed},
    doi = {10.1146/annurev.publhealth.28.021406.144132},
    issn = {0163-7525},
    pmid = {17222078}
}

@phdthesis{Carneiro2006,
    title = {{Nested-Ca: A foundation for multiscale modelling of land use and land cover change}},
    year = {2006},
    author = {Carneiro, Tiago Senna},
    pages = {109},
    url = {www.dpi.inpe.br/gilberto/teses/nested_ca.pdf}
}

@article{Dolk1984,
    title = {{Knowledge Representation for Model Management Systems}},
    year = {1984},
    journal = {IEEE Transactions on Software Engineering},
    author = {Dolk, Daniel R. and Konsynski, Benn R.},
    number = {6},
    pages = {619--628},
    volume = {SE-10},
    isbn = {00985589},
    doi = {10.1109/TSE.1984.5010291},
    issn = {00985589},
    keywords = {Abstraction, database management system (DBMS), decision support system, frame, frame-system, knowledge management, knowledge representation (KR), model management systems}
}

@article{Kumar2015,
    title = {{Model Selection Management Systems: The Next Frontier of Advanced Analytics}},
    year = {2015},
    journal = {ACM SIGMOD Record},
    author = {Kumar, Arun and Mccann, Robert and Naughton, Jeffrey and Patel, Jignesh M.},
    number = {4},
    pages = {17--22},
    volume = {44},
    url = {http://dl.acm.org/citation.cfm?doid=2935694.2935698%5Cnhttp://pages.cs.wisc.edu/~arun/vision/},
    doi = {10.1145/2935694.2935698},
    issn = {0163-5808},
    keywords = {Feature Engineering, Iterative Model Selection, Performance Optimization, Provenance for Machine Learning, Usability of Machine Learning}
}

@article{Dhar2012,
    title = {{Data Science and Prediction}},
    year = {2012},
    journal = {Communications of the ACM},
    author = {Dhar, Vasant},
    number = {12},
    pages = {64--73},
    volume = {56},
    url = {http://www.ssrn.com/abstract=2086734},
    isbn = {0001-0782},
    doi = {10.2139/ssrn.2086734},
    issn = {1556-5068}
}

@article{Barcellos2002,
    title = {{Organiza{\c{c}}{\~{a}}o espacial, sa{\'{u}}de e qualidade de vida: an{\'{a}}lise espacial e uso de indicadores na avalia{\c{c}}{\~{a}}o de situa{\c{c}}ões de sa{\'{u}}de}},
    year = {2002},
    journal = {Informe Epidemiol{\'{o}}gico do Sus},
    author = {Barcellos, Christovam de Castro and Sabroza, Paulo Chagastelles and Peiter, Paulo and Rojas, Luisa Iñiguez},
    number = {3},
    pages = {129--138},
    volume = {11},
    url = {http://scielo.iec.pa.gov.br/scielo.php?script=sci_arttext&pid=S0104-16732002000300003&lng=pt&nrm=iso&tlng=pt\nhttp://http//scieloteste.iec.pa.gov.br/scielo.php?script=sci_arttext&pid=S0104-16732002000300003&lng=en&nrm=iso&tlng=en},
    isbn = {0104-1673},
    doi = {10.5123/S0104-16732002000300003},
    issn = {0104-1673},
    keywords = {Ambiente, An{\'{a}}lise Espacial, An{\'{a}}lise de Situa{\c{c}}{\~{a}}o de Sa{\'{u}}de, Indicadores de Sa{\'{u}}de}
}

@article{Kivela2014,
    title = {{Multilayer networks}},
    year = {2014},
    journal = {Journal of Complex Networks},
    author = {Kivel{\"{a}}, Mikko and Arenas, Alex and Barthelemy, Marc and Gleeson, James P. and Moreno, Yamir and Porter, Mason A.},
    number = {3},
    pages = {203--271},
    volume = {2},
    isbn = {2051-1310},
    doi = {10.1093/comnet/cnu016},
    issn = {20511329},
    arxivId = {1309.7233},
    keywords = {Data analysis, Dynamical systems on networks, Mathematical analysis and simulations of networks, Models of networks, Multilayer networks, Structural analysis of networks}
}

@article{Wehmuth2015,
    title = {{MultiAspect Graphs : Algebraic representation and algorithms}},
    year = {2015},
    journal = {arXiv},
    author = {Wehmuth, Klaus and Fleury, Éric and Ziviani, Artur},
    pages = {1--61},
    arxivId = {arXiv:1504.07893v1}
}

@article{Stella2016,
    title = {{Parasite spreading in spatial ecological multiplex networks}},
    year = {2016},
    journal = {Journal of Complex Networks},
    author = {Stella, Massimo and Andreazzi, Cecilia S. and Selakovic, Sanja and Goudarzi, Alireza and Antonioni, Alberto and R., Poulin and A., Dobson and J., Dubey and M., Keeling and M., Barthélemy and C., Kribs-Zaleta and C., Kribs-Zaleta and J., Damuth and N., Ramos V. d. and L., Sattenspiel and N., Cavalcanti G. and M., Amboni and A., Belgrano and X., Velascohernandez J. and C., Kribs-Zaleta and R., Poulin and A., Dobson and T., Rigaud and R., Fayer and F., Noireau and M., Jansen A. and E., Craft M. and E., Barter and A., Meyers L. and S., Bansal and J., Ferrari M. and E., Craft M. and D., Dalziel B. and S., Davis and S., Davis and M., Anderson R. and S., Bansal and V., Colizza and S., Boccaletti and M., Kivelä and G., Morris R. and A., Lima and A., Cardillo and E., Cozzo and S., Pilosof and S., Wasserman and J., Mucha P. and F., Battiston and M., De Domenico and C., Buono and M., Salehi and S., Kéfi and S., Gómez and D., Lafferty K. and D., Lafferty K. and F., Keesing and A., Fenton and S., Pilosof and S., Pilosof and J., Hotez P. and Aparecida, Shikanai-Yasuda Maria and P., Pelosse and L., Rocha F. and A., Bueno and G., Carvalho Neto F. and R., Reis N. and S., Jeub L. G. and M., De Domenico and R., Guimerá and J., Melián C. and C., Fontaine and M., Scotti and A., Saumell-Mendiola and D., Sahneh F. and C., Granell and J., Sanz and M., Dickison and V., Marceau and D., Zhao and J., Johnson P. T. and L., Wood C. and R., Reithinger and R., Ross and L., Rocha F. and E., Rabinovich J. and M., Roellig D. and E., Rabinovich J. and A., Schmidt K.},
    month = {10},
    pages = {cnw028},
    volume = {105},
    url = {https://academic.oup.com/comnet/article-lookup/doi/10.1093/comnet/cnw028},
    doi = {10.1093/comnet/cnw028},
    issn = {2051-1310}
}

@article{Newman2003b,
    title = {{The structure and function of complex networks}},
    year = {2003},
    journal = {SIAM Review},
    author = {Newman, M. E. J.},
    number = {2},
    pages = {167--256},
    volume = {45}
}

@article{Yaveroglu,
    title = {{Revealing the Hidden Language of Complex Networks}},
    author = {Yaverog ˘lu, Nebil and Malod-Dognin, Noël and Davis, Darren and Levnajic, Zoran and Janjic, Vuk and Karapandza, Rasa and Stojmirovic, Aleksandar and Pr{\v{z}}ulj, Nataša},
    url = {http://www.nature.com/articles/srep04547},
    doi = {10.1038/srep04547}
}

@article{Dutkowski2013,
    title = {{A gene ontology inferred from molecular networks.}},
    year = {2013},
    journal = {Nature biotechnology},
    author = {Dutkowski, Janusz and Kramer, Michael and Surma, Michal A and Balakrishnan, Rama and Cherry, J Michael and Krogan, Nevan J and Ideker, Trey},
    number = {1},
    pages = {38--45},
    volume = {31},
    url = {http://www.nature.com/nbt/journal/v31/n1/abs/nbt.2463.html%5Cnhttp://www.pubmedcentral.nih.gov/articlerender.fcgi?artid=3654867&tool=pmcentrez&rendertype=abstract},
    isbn = {1546-1696 (Electronic){\textbackslash}r1087-0156 (Linking)},
    doi = {10.1038/nbt.2463},
    issn = {1546-1696},
    pmid = {23242164},
    keywords = {Fungal, Fungal Proteins, Fungal Proteins: genetics, Fungal Proteins: metabolism, Gene Regulatory Networks, Genes, Saccharomyces cerevisiae, Saccharomyces cerevisiae: genetics, Saccharomyces cerevisiae: metabolism}
}

@article{Proulx2005a,
    title = {{Network thinking in ecology and evolution}},
    year = {2005},
    journal = {Trends in Ecology {\&} Evolution},
    author = {Proulx, Stephen R. and Promislow, Daniel E.L. and Phillips, Patrick C.},
    number = {6},
    pages = {345--353},
    volume = {20},
    doi = {10.1016/j.tree.2005.04.004},
    issn = {01695347}
}

@misc{Jacoby2016a,
    title = {{Emerging Network-Based Tools in Movement Ecology}},
    year = {2016},
    booktitle = {Trends in Ecology and Evolution},
    author = {Jacoby, David M P and Freeman, Robin},
    number = {4},
    month = {4},
    pages = {301--314},
    volume = {31},
    url = {http://linkinghub.elsevier.com/retrieve/pii/S0169534716000264},
    isbn = {0169-5347},
    doi = {10.1016/j.tree.2016.01.011},
    issn = {01695347},
    pmid = {26879670},
    keywords = {Animal tracking, Connectivity, Graph theory, Social behaviour, Spatial networks, Telemetry}
}

@article{Hochachka2012,
    title = {{Data-intensive science applied to broad-scale citizen science.}},
    year = {2012},
    journal = {Trends in ecology {\&} evolution},
    author = {Hochachka, Wesley M and Fink, Daniel and Hutchinson, Rebecca A and Sheldon, Daniel and Wong, Weng-Keen and Kelling, Steve},
    number = {2},
    month = {2},
    pages = {130--7},
    volume = {27},
    publisher = {Elsevier},
    url = {http://www.ncbi.nlm.nih.gov/pubmed/22192976},
    doi = {10.1016/j.tree.2011.11.006},
    issn = {1872-8383},
    pmid = {22192976}
}

@article{Bascompte2007,
    title = {{Networks in ecology}},
    year = {2007},
    journal = {Basic and Applied Ecology},
    author = {Bascompte, Jordi},
    number = {6},
    pages = {485--490},
    volume = {8},
    isbn = {1439-1791},
    doi = {10.1016/j.baae.2007.06.003},
    issn = {14391791},
    pmid = {1786},
    keywords = {Complex networks, Epidemiological networks, Food webs, Mutualistic networks, Social networks, Spatial networks}
}

@article{Urban2001,
    title = {{LANDSCAPE CONNECTIVITY: A GRAPH-THEORETIC PERSPECTIVE}},
    year = {2001},
    journal = {Ecology},
    author = {Urban, Dean and Keitt, Timothy},
    number = {5},
    month = {5},
    pages = {1205--1218},
    volume = {82},
    url = {http://www.jstor.org/stable/2679983?origin=crossref http://dx.doi.org/10.1890/0012-9658(2001)082[1205:LCAGTP]2.0.CO;2%0Ahttp://www.esajournals.org/doi/pdf/10.1890/0012-9658%282001%29082%5B1205%3ALCAGTP%5D2.0.CO%3B2},
    isbn = {0012-9658},
    doi = {10.1890/0012-9658(2001)082[1205:LCAGTP]2.0.CO;2},
    issn = {0012-9658}
}

@article{Cazelles2016,
    title = {{A theory for species co-occurrence in interaction networks}},
    year = {2016},
    journal = {Theoretical Ecology},
    author = {Cazelles, Kévin and Ara{\'{u}}jo, Miguel B. and Mouquet, Nicolas and Gravel, Dominique},
    number = {1},
    month = {2},
    pages = {39--48},
    volume = {9},
    publisher = {Springer Netherlands},
    url = {http://link.springer.com/10.1007/s12080-015-0281-9},
    isbn = {1874-1738{\textbackslash}r1874-1746},
    doi = {10.1007/s12080-015-0281-9},
    issn = {18741746},
    keywords = {Biogeography, Co-occurrence, Ecological networks, Indirect interactions, Null models}
}

@article{MarInez2016a,
    title = {{A Survey of Link Prediction in Complex Networks}},
    year = {2016},
    journal = {ACM Comput. Surv. Article},
    author = {Mar Inez, Ictor and Berzal, Fernando and Cubero, Juan-carlos},
    number = {69},
    volume = {49},
    url = {http://dx.doi.org/10.1145/3012704},
    doi = {10.1145/3012704},
    keywords = {Additional Key Words and Phrases, CCS Concepts, Undirected networks, probabilistic techniques, r General and reference → Surveys and overviews, r Information systems → Data mining, r Mathematics of computing → Graph algorithms, similarity-based techniques, topological properties}
}

@article{Barberan2012,
    title = {{Using network analysis to explore co-occurrence patterns in soil microbial communities.}},
    year = {2012},
    journal = {The ISME journal},
    author = {Barber{\'{a}}n, Albert and Bates, Scott T and Casamayor, Emilio O and Fierer, Noah},
    number = {2},
    month = {2},
    pages = {343--51},
    volume = {6},
    publisher = {Nature Publishing Group},
    url = {http://www.nature.com/doifinder/10.1038/ismej.2011.119 http://dx.doi.org/10.1038/ismej.2011.119%5Cnhttp://www.pubmedcentral.nih.gov/articlerender.fcgi?artid=3260507&tool=pmcentrez&rendertype=abstract},
    isbn = {1751-7370 (Electronic){\textbackslash}n1751-7362 (Linking)},
    doi = {10.1038/ismej.2011.119},
    issn = {1751-7370},
    pmid = {21900968},
    keywords = {16S, 16S: genetics, Archaea, Archaea: classification, Archaea: genetics, Bacteria, Bacteria: classification, Bacteria: genetics, Bacterial Physiological Phenomena, Ecosystem, RNA, Ribosomal, Soil Microbiology}
}

@article{Azaele2010,
    title = {{Inferring plant ecosystem organization from species occurrences}},
    year = {2010},
    journal = {Journal of Theoretical Biology},
    author = {Azaele, S. and Muneepeerakul, R. and Rinaldo, A. and Rodriguez-Iturbe, I.},
    number = {2},
    month = {1},
    pages = {323--329},
    volume = {262},
    url = {http://linkinghub.elsevier.com/retrieve/pii/S0022519309004561},
    isbn = {0022-5193},
    doi = {10.1016/j.jtbi.2009.09.026},
    issn = {00225193},
    pmid = {19800891},
    keywords = {Ecological interactions, Ising model, Maximum entropy, Occurrence data, Power law, Species associations}
}

@article{Bell2010,
    title = {{Spatial co-occurrence networks predict the feeding histories of polyphagous arthropod predators at field scales}},
    year = {2010},
    journal = {Ecography},
    author = {Bell, James R. and King, R. Andrew and Bohan, David A. and Symondson, William O. C.},
    number = {1},
    month = {2},
    pages = {64--72},
    volume = {33},
    publisher = {Blackwell Publishing Ltd},
    url = {http://doi.wiley.com/10.1111/j.1600-0587.2009.06046.x},
    isbn = {1600-0587},
    doi = {10.1111/j.1600-0587.2009.06046.x},
    issn = {09067590}
}

@article{Dunne2002,
    title = {{Network structure and biodiversity loss in food webs: Robustness increases with connectance}},
    year = {2002},
    journal = {Ecology Letters},
    author = {Dunne, Jennifer A. and Williams, Richard J. and Martinez, Neo D.},
    number = {4},
    month = {7},
    pages = {558--567},
    volume = {5},
    publisher = {Blackwell Science Ltd},
    url = {http://doi.wiley.com/10.1046/j.1461-0248.2002.00354.x},
    isbn = {1461-023X},
    doi = {10.1046/j.1461-0248.2002.00354.x},
    issn = {1461023X},
    pmid = {176644900015},
    keywords = {Biodiversity, Connectance, Ecosystem function, Food web, Network structure, Robustness, Secondary extinctions, Species loss, Species richness, Topology}
}

@article{Neylon2012,
    title = {{Changing computational research. The challenges ahead.}},
    year = {2012},
    journal = {Source code for biology and medicine},
    author = {Neylon, Cameron and Aerts, Jan and Brown, C Titus and Coles, Simon J and Hatton, Les and Lemire, Daniel and Millman, K Jarrod and Murray-Rust, Peter and Perez, Fernando and Saunders, Neil and Shah, Nigam and Smith, Arfon and Varoquaux, Gaël and Willighagen, Egon},
    number = {1},
    month = {5},
    pages = {2},
    volume = {7},
    publisher = {American Association for the Advancement of Science},
    url = {http://www.ncbi.nlm.nih.gov/pubmed/22640749 http://www.pubmedcentral.nih.gov/articlerender.fcgi?artid=PMC3441321},
    doi = {10.1186/1751-0473-7-2},
    issn = {1751-0473},
    pmid = {22640749}
}

@book{Peng2015,
    title = {{Exploratory Data Analysis with R}},
    year = {2015},
    booktitle = {Leanpub},
    author = {Peng, Roger D},
    pages = {178},
    url = {http://leanpub.com/exdata},
    isbn = {9781604138795},
    doi = {10.1073/pnas.0703993104},
    issn = {1098-6596},
    pmid = {25246403},
    arxivId = {arXiv:1011.1669v3},
    keywords = {emergency, luation of non-urgent visits, to a busy urban}
}

@article{DosSantos2008a,
    title = {{Sympatry inference and network analysis in biogeography.}},
    year = {2008},
    journal = {Systematic biology},
    author = {Dos Santos, Daniel a and Fern{\'{a}}ndez, Hugo R and Cuezzo, María Gabriela and Dom{\'{i}}nguez, Eduardo},
    number = {3},
    month = {6},
    pages = {432--48},
    volume = {57},
    publisher = {Oxford University Press},
    url = {http://www.ncbi.nlm.nih.gov/pubmed/18570037},
    isbn = {1063-5157},
    doi = {10.1080/10635150802172192},
    issn = {1063-5157},
    pmid = {18570037},
    keywords = {Animal, Animals, Behavior, Biological, Cluster Analysis, Ecosystem, Fishes, Fishes: physiology, Fresh Water, Gastropoda, Gastropoda: physiology, Geography, Models, Weevils, Weevils: physiology}
}

@article{Blick2009,
    title = {{Network properties of arboreal plants: Are epiphytes, mistletoes and lianas structured similarly?}},
    year = {2009},
    journal = {Perspectives in Plant Ecology, Evolution and Systematics},
    author = {Blick, Ray and Burns, K. C.},
    number = {1},
    month = {2},
    pages = {41--52},
    volume = {11},
    url = {http://linkinghub.elsevier.com/retrieve/pii/S1433831908000681},
    isbn = {14338319},
    doi = {10.1016/j.ppees.2008.10.002},
    issn = {14338319},
    keywords = {Checkerboard distribution, Ecological networks, Nestedness, Null model, Parasite}
}

@article{Bascompte2007a,
    title = {{Plant-Animal Mutualistic Networks: The Architecture of Biodiversity}},
    year = {2007},
    journal = {Annual Review of Ecology, Evolution, and Systematics},
    author = {Bascompte, Jordi and Jordano, Pedro},
    number = {2007},
    month = {12},
    pages = {567--593},
    volume = {38},
    publisher = {Annual Reviews},
    url = {http://www.annualreviews.org/doi/10.1146/annurev.ecolsys.38.091206.095818 http://www.jstor.org/stable/30033872},
    isbn = {1543-592X},
    doi = {10.1146/annurev.ecolsys.38.091206.095818},
    issn = {1543-592X},
    pmid = {21303086},
    keywords = {coevolution, complex networks, mutualism, pollination, seed}
}

@article{DosSantos2012a,
    title = {{Towards a dynamic analysis of weighted networks in biogeography}},
    year = {2012},
    journal = {Systematic Biology},
    author = {Dos Santos, Daniel A. and Gabriela Cuezzo, María and Celina Reynaga, María and Dom{\'{i}}nguez, Eduardo},
    number = {2},
    month = {3},
    pages = {240--252},
    volume = {61},
    publisher = {Oxford University Press},
    url = {https://academic.oup.com/sysbio/article-lookup/doi/10.1093/sysbio/syr098},
    isbn = {1063-5157},
    doi = {10.1093/sysbio/syr098},
    issn = {10635157},
    pmid = {21918177},
    keywords = {Clusters pattern recognition, NAM, cohesiveness, dot maps, spatial point process, sympatry}
}

@article{Torres-Miranda2013a,
    title = {{New approaches to the biogeography and areas of endemism of red oaks (Quercus L., Section Lobatae)}},
    year = {2013},
    journal = {Systematic Biology},
    author = {Torres-Miranda, Andrés and Luna-Vega, Isolda and Oyama, Ken},
    number = {4},
    month = {7},
    pages = {555--573},
    volume = {62},
    publisher = {Oxford University Press},
    url = {https://academic.oup.com/sysbio/article-lookup/doi/10.1093/sysbio/syt021},
    isbn = {1063-5157(print), 1076-836X(electronic)},
    doi = {10.1093/sysbio/syt021},
    issn = {10635157},
    pmid = {23572489}
}

@article{Aksoy2016a,
    title = {{Measuring and Modeling Bipartite Graphs with Community Structure}},
    year = {2016},
    author = {Aksoy, Sinan and Kolda, Tamara G and Pinar, Ali},
    pages = {1--22},
    url = {http://arxiv.org/abs/1607.08673},
    arxivId = {1607.08673},
    keywords = {bipartite clustering coefficient, bipartite generative graph model, complex networks, metamorphosis coefficient, two-mode network, two-way graph model}
}

@book{Franklin2010,
    title = {{Mapping species distributions. Spatial inference and prediction}},
    year = {2010},
    booktitle = {Ecology, biodiversity and conservation},
    author = {Franklin, Janet},
    number = {9},
    pages = {340},
    volume = {53},
    isbn = {9788578110796},
    doi = {10.1017/CBO9781107415324.004},
    issn = {1098-6596},
    pmid = {25246403},
    arxivId = {arXiv:1011.1669v3},
    keywords = {icle}
}

@article{Li2017,
    title = {{Data-Driven Techniques in Disaster Information Management}},
    year = {2017},
    journal = {ACM Computing Surveys},
    author = {Li, Tao and Huang, Yue and Chen, Shu-Ching and Navlakha, Jainendra and Iyengar, S. S. and Xie, Ning and Zeng, Chunqiu and Zhou, Wubai and Zheng, Li and Jiang, Yexi and Yang, Yimin and Ha, Hsin-Yu and Xue, Wei},
    number = {1},
    month = {3},
    pages = {1--45},
    volume = {50},
    publisher = {ACM},
    url = {http://dl.acm.org/citation.cfm?doid=3058791.3017678},
    doi = {10.1145/3017678},
    issn = {03600300},
    keywords = {Disaster information management, application, data management, data mining}
}

@article{Pilosof2017,
    title = {{The multilayer nature of ecological networks}},
    year = {2017},
    journal = {Nature Ecology {\&} Evolution},
    author = {Pilosof, Shai and Porter, Mason A. and Pascual, Mercedes and K{\'{e}}fi, Sonia},
    number = {4},
    month = {11},
    pages = {0101},
    volume = {1},
    url = {http://arxiv.org/abs/1511.04453 http://dx.doi.org/10.1038/s41559-017-0101 http://www.nature.com/articles/s41559-017-0101},
    doi = {10.1038/s41559-017-0101},
    issn = {2397-334X},
    arxivId = {1511.04453}
}

@misc{Arita2016,
    title = {{Species co-occurrence analysis: pairwise versus matrix-level approaches}},
    year = {2016},
    booktitle = {Global Ecology and Biogeography},
    author = {Arita, H??ctor T. and Peres-Neto, Pedro},
    number = {11},
    pages = {1397--1400},
    volume = {25},
    isbn = {1466-8238},
    doi = {10.1111/geb.12418},
    issn = {14668238},
    keywords = {Contingency table, Fisher's exact test, distribution, diversity, presence???absence matrix, randomization}
}

@article{Tulloch2016,
    title = {{Dynamic species co-occurrence networks require dynamic biodiversity surrogates}},
    year = {2016},
    journal = {Ecography},
    author = {Tulloch, Ayesha I T and Chad??s, Iadine and Dujardin, Yann and Westgate, Martin J. and Lane, Peter W. and Lindenmayer, David},
    number = {12},
    pages = {1185--1196},
    volume = {39},
    isbn = {09067590},
    doi = {10.1111/ecog.02143},
    issn = {16000587}
}

@article{Veech2014,
    title = {{The pairwise approach to analysing species co-occurrence}},
    year = {2014},
    journal = {Journal of Biogeography},
    author = {Veech, Joseph A.},
    number = {6},
    pages = {1029--1035},
    volume = {41},
    isbn = {03050270},
    doi = {10.1111/jbi.12318},
    issn = {13652699},
    keywords = {Assembly rules, C-score, Competition, Data randomization, Ecological community, Hypothesis testing, Jared Diamond, Pattern analysis, Presence-absence matrix, Species coexistence}
}

@article{Batool2017,
    title = {{Modeling the internet of things : a hybrid modeling approach using complex networks and agent ­ based models}},
    year = {2017},
    journal = {Complex Adaptive Systems Modeling},
    author = {Batool, Komal and Niazi, Muaz A. and Security, Information and Science, Computer},
    number = {1},
    month = {12},
    pages = {4},
    volume = {5},
    publisher = {Springer Berlin Heidelberg},
    url = {http://casmodeling.springeropen.com/articles/10.1186/s40294-017-0043-1},
    doi = {10.1186/s40294-017-0043-1},
    issn = {2194-3206},
    keywords = {Agent-based modeling, Cognitive Agent-based Computing, Complex networks, Internet of things, Power consumption}
}

@article{Peterson2010,
    title = {{The big questions for biodiversity informatics}},
    year = {2010},
    journal = {Systematics and Biodiversity},
    author = {Peterson, A. Townsend and Knapp, Sandra and Guralnick, Robert and Sober{\'{o}}n, Jorge and Holder, Mark T},
    number = {2},
    pages = {159--168},
    volume = {8},
    url = {http://www.tandfonline.com/loi/tsab20 http://dx.doi.org/10.1080/14772001003739369 http://www.tandfonline.com/page/terms-and-conditions},
    isbn = {1477-2000},
    doi = {10.1080/14772001003739369},
    issn = {1477-2000},
    pmid = {15253354},
    keywords = {analysis, biodiversity data capture, data integration, ecology, evolutionary biology, informatics, interpretation}
}

@article{Kelling2009,
    title = {{Data-intensive Science: A New Paradigm for Biodiversity Studies}},
    year = {2009},
    journal = {BioScience},
    author = {Kelling, Steve and Hochachka, W.M. and Fink, Daniel and Riedewald, Mirek and Caruana, Rich and Ballard, Grant and Hooker, Giles},
    number = {7},
    month = {7},
    pages = {613--620},
    volume = {59},
    publisher = {University of California Press},
    url = {https://academic.oup.com/bioscience/article-lookup/doi/10.1525/bio.2009.59.7.12},
    isbn = {00063568},
    doi = {10.1525/bio.2009.59.7.12},
    issn = {0006-3568},
    keywords = {biodiversity, data-intensive science, informatics, machine learning, statistics}
}

@article{Chen2014a,
    title = {{Big Data: A Survey}},
    year = {2014},
    journal = {Mobile Netw Appl},
    author = {Chen, Min and Mao, Shiwen and Liu, Yunhao and Chen, M and Mao, S and Liu, Y},
    pages = {171--209},
    volume = {19},
    isbn = {1383-469X},
    doi = {10.1007/s11036-013-0489-0},
    issn = {1383469X},
    pmid = {1511170304},
    keywords = {Big data analysis, Big data {\textperiodcentered}, Cloud computing {\textperiodcentered}, Data center {\textperiodcentered}, Hadoop {\textperiodcentered}, Internet of things {\textperiodcentered}, Smart grid {\textperiodcentered}}
}

@article{Caruana2006a,
    title = {{Mining citizen science data to predict prevalence of wild bird species}},
    year = {2006},
    journal = {Proceedings of the ACM SIGKDD International Conference on Knowledge Discovery and Data Mining},
    author = {Caruana, Rich and Elhawary, Mohamed and Munson, Art and Riedewald, Mirek and Sorokina, Daria and Fink, Daniel and Hochachka, Wesley M and Kelling, Steve},
    pages = {909--915},
    volume = {2006},
    url = {http://www.scopus.com/inward/record.url?eid=2-s2.0-33749557230&partnerID=tZOtx3y1},
    isbn = {1595933395},
    doi = {10.1145/1150402.1150527},
    keywords = {Attribute importance, Bagging, Decision trees, Model inspection, Partial dependence function, Sensitivity analysis}
}

@article{Kelling2015c,
    title = {{Taking a Big Data approach to data quality in a citizen science project}},
    year = {2015},
    journal = {Ambio},
    author = {Kelling, Steve and Fink, Daniel and La Sorte, Frank A. and Johnston, Alison and Bruns, Nicholas E. and Hochachka, Wesley M.},
    number = {S4},
    month = {11},
    pages = {601--611},
    volume = {44},
    publisher = {Springer Netherlands},
    url = {http://link.springer.com/10.1007/s13280-015-0710-4},
    isbn = {0044-7447{\textbackslash}r1654-7209},
    doi = {10.1007/s13280-015-0710-4},
    issn = {16547209},
    pmid = {26508347},
    keywords = {Biodiversity monitoring, Citizen science, Data quality, Species distribution models, eBird}
}

@incollection{Kelling2013,
    title = {{Estimating Species Distributions-Across Space, Through Time, and with Features of the Environment}},
    year = {2013},
    booktitle = {The DATA Bonanza: Improving Knowledge Discovery in Science, Engineering, and Business},
    author = {Kelling, Steve and Fink, Daniel and Hochachka, Wesley and Rosenberg, Ken and Cook, Robert and Damoulas, Theodoros and Silva, Claudio and Michener, William K},
    month = {4},
    pages = {441--458},
    publisher = {John Wiley {\&} Sons, Inc.},
    url = {http://doi.wiley.com/10.1002/9781118540343.ch22},
    address = {Hoboken, NJ, USA},
    isbn = {9781118398647},
    doi = {10.1002/9781118540343.ch22},
    keywords = {Biological databases, Data access, Data discovery, Data products, Data synthesis, Data-intensive approaches, Environment, Species distributions}
}

@book{Atkinson2013,
    title = {{The DATA Bonanza: Improving Knowledge Discovery in Science, Engineering, and Business}},
    year = {2013},
    booktitle = {The DATA Bonanza: Improving Knowledge Discovery in Science, Engineering, and Business},
    author = {Atkinson, Malcolm and Baxter, Rob and Galea, Michelle and Parsons, Mark and Brezany, Peter and Corcho, Oscar and van Hemert, Jano and Snelling, David},
    isbn = {9781118398647},
    doi = {10.1002/9781118540343}
}

@article{McMichael2003,
    title = {{New visions for addressing sustainability.}},
    year = {2003},
    journal = {Science (New York, N.Y.)},
    author = {McMichael, a J and Butler, C D and Folke, Carl},
    number = {5652},
    pages = {1919--1920},
    volume = {302},
    isbn = {0036-8075},
    doi = {10.1126/science.1090001},
    issn = {1095-9203},
    pmid = {14671290}
}

@article{Barabasi1999a,
    title = {{Emergence of Scaling in Random Networks}},
    year = {1999},
    journal = {Science},
    author = {Barab{\'{a}}si, Albert-László and Albert, Réka},
    number = {5439},
    volume = {286},
    url = {http://science.sciencemag.org/content/286/5439/509}
}

@article{Fink2010,
    title = {{Spatiotemporal exploratory models for broad-scale survey data}},
    year = {2010},
    journal = {Ecological Applications},
    author = {Fink, Daniel and Hochachka, Wesley M. and Zuckerberg, Benjamin and Winkler, David W. and Shaby, Ben and Munson, M. Arthur and Hooker, Giles and Riedewald, Mirek and Sheldon, Daniel and Kelling, Steve},
    number = {8},
    month = {12},
    pages = {2131--2147},
    volume = {20},
    publisher = {Ecological Society of America},
    url = {http://doi.wiley.com/10.1890/09-1340.1},
    isbn = {1051-0761},
    doi = {10.1890/09-1340.1},
    issn = {10510761},
    pmid = {21265447},
    keywords = {Citizen science, Ensemble model, Exploratory analysis, Multiscale, Sample bias, Semiparametric, Spatiotemporal, Survey data}
}

@article{Thebault2013,
    title = {{Identifying compartments in presence-absence matrices and bipartite networks: Insights into modularity measures}},
    year = {2013},
    journal = {Journal of Biogeography},
    author = {Th{\'{e}}bault, Elisa},
    editor = {Veech, Joseph},
    number = {4},
    month = {4},
    pages = {759--768},
    volume = {40},
    url = {http://doi.wiley.com/10.1111/jbi.12015},
    isbn = {0305-0270},
    doi = {10.1111/jbi.12015},
    issn = {03050270},
    keywords = {Biogeography, Compartmentalization, Modularity, Nestedness, Network theory, Networks, Power analysis, Presence-absence matrices}
}

@article{Zhang2012,
    title = {{A high-performance web-based information system for publishing large-scale species range maps in support of biodiversity studies}},
    year = {2012},
    journal = {Ecological Informatics},
    author = {Zhang, Jianting},
    pages = {68--77},
    volume = {8},
    isbn = {1574-9541},
    doi = {10.1016/j.ecoinf.2012.01.004},
    issn = {15749541},
    keywords = {GIS, High-performance, Quadtree, Spatial databases, Species range map, Web-based}
}

@article{Downey2011,
    title = {{Think Stats: Probability and Statistics for Programmers}},
    year = {2011},
    journal = {Psychological Bulletin},
    author = {Downey, Allen B},
    number = {2},
    pages = {140},
    volume = {70},
    url = {http://works.bepress.com/allen_downey/10/},
    isbn = {978-1-4493-0710-3},
    doi = {10.1017/CBO9781107415324.004},
    issn = {1098-6596},
    pmid = {25246403},
    arxivId = {arXiv:1011.1669v3}
}

@article{HAGEN2012,
    title = {{Biodiversity, species interactions and ecological networks in a fragmented world}},
    year = {2012},
    journal = {Advances in Ecological Research},
    author = {HAGEN, MELANIE and {W. DANIEL KISSLING} and RASMUSSEN, CLAUS and AGUIAR, MARCUS A.M. DE and BROWN, LEE and CARSTENSEN, DANIELW. and ALVES-DOS-SANTOS, ISABEL and DUPONT, YOKO L. and EDWARDS, FRANCOIS K. and GENINI, JULIETA and JR., PAULO R. GUIMARÃES and JENKINS, GARETH B. and JORDANO, PEDRO and KAISER-BUNBURY, CHRISTOPHER N. and LEDGER, MARK and P.MAIA, KATE and MARQUITTI, FLAVIA M. DARCIE and MCLAUGHLIN, ÓRLA and C.MORELLATO, L. PATRICIA and O’GORMAN, EOIN J. and TR{\O}JELSGAARD, KRISTIAN and TYLIANAKIS, JASONM. and VIDAL, MARIANAMORAIS and {GUYWOODWARD} and OLESEN, JENSM.},
    pages = {89--120},
    volume = {46},
    isbn = {9780123969927}
}

@article{Silva2016,
    title = {{Applying data mining techniques for spatial distribution analysis of plant species co-occurrences}},
    year = {2016},
    journal = {Expert Systems with Applications},
    author = {Silva, Luís Alexandre Estevão and Siqueira, Marinez Ferreira and Pinto, Flávia Dos Santos and Barros, Felipe Sodré M and Zimbr{\~{a}}o, Geraldo and Souza, Jano Moreira},
    pages = {250--260},
    volume = {43},
    isbn = {5502126671744},
    doi = {10.1016/j.eswa.2015.08.031},
    issn = {09574174},
    keywords = {Association rules, Data analysis, Data mining, Knowledge discovery, Knowledge management applications}
}

@phdthesis{Silva2013a,
    title = {{Metodologia baseada em minera{\c{c}}{\~{a}}o de dados aplicada na an{\'{a}}lise da distribui{\c{c}}{\~{a}}o espacial de agrupamentos de esp{\'{e}}cies vegetais}},
    year = {2013},
    author = {Silva, Luís Alexandre Estevão},
    pages = {130},
    school = {COPPE URFJ},
    keywords = {()}
}

@article{KremenCCameronAMoilanenAPhillipsSJThomasCDBeentjeHDransfieldJFisherBLGlawFGoodTC2008,
    title = {{Aligning conservation priorities across taxa in Madagascar with high-resolution planning tools.}},
    year = {2008},
    journal = {Science},
    author = {Kremen C, Cameron A, Moilanen A, Phillips SJ, Thomas CD, Beentje H, Dransfield J, Fisher BL, Glaw F, Good TC, Harper GJ.},
    number = {5873},
    pages = {222--6},
    volume = {320},
    doi = {10.1126/science.1155193}
}

@book{James,
    title = {{Introduction to Statistical Learning with applications in R}},
    author = {James, Gareth and Witten, Daniela and Hastie, Trevor and Tibshirani, Robert},
    publisher = {Springer},
    url = {http://www-bcf.usc.edu/~gareth/ISL/},
    isbn = {978-1-4614-7137-0},
    doi = {10.1007/978-1-4614-7138-7}
}

@article{Ricklefs2008,
    title = {{Disintegration of the ecological community.}},
    year = {2008},
    journal = {The American naturalist},
    author = {Ricklefs, Robert E.},
    number = {6},
    month = {12},
    pages = {741--750},
    volume = {172},
    url = {http://www.journals.uchicago.edu/doi/10.1086/593002},
    isbn = {1537-5323 (Electronic) 0003-0147 (Linking)},
    doi = {10.1086/593002},
    issn = {0003-0147},
    pmid = {18954264},
    keywords = {2006, and the british ecological, biodiversity, biogeography, community ecology, ecological society of america, harrison and cornell 2007, naturalists, recent symposia of the, the american society of, webb et al}
}

@article{Guimera2005,
    title = {{Functional cartography of complex metabolic networks.}},
    year = {2005},
    journal = {Nature},
    author = {Guimera, Roger and Guimer{\`{a}}, Roger and Nunes Amaral, Luís A.},
    number = {7028},
    month = {2},
    pages = {895--900},
    volume = {433},
    url = {http://www.nature.com/doifinder/10.1038/nature03288 http://www.ncbi.nlm.nih.gov/pubmed/23767567},
    isbn = {1476-4687 (Electronic){\textbackslash}n0028-0836 (Linking)},
    doi = {10.1038/nature03288},
    issn = {1476-4687},
    pmid = {15729348},
    arxivId = {q-bio/0502035},
    keywords = {Adenosine Triphosphate, Adenosine Triphosphate: metabolism, Algorithms, Animals, Archaea, Archaea: metabolism, Bacteria, Bacteria: metabolism, Biological, Computational Biology, Computational Biology: methods, Computer Simulation, Databases, Escherichia coli, Escherichia coli: metabolism, Eukaryotic Cells, Eukaryotic Cells: metabolism, Factual, Humans, Models}
}

@article{Montoya2006,
    title = {{Ecological networks and their fragility}},
    year = {2006},
    journal = {Nature},
    author = {Montoya, José M. and Pimm, Stuart L. and Sole, R V},
    number = {7100},
    month = {7},
    pages = {259--264},
    volume = {442},
    url = {http://www.nature.com/doifinder/10.1038/nature04927},
    isbn = {0028-0836},
    doi = {Doi 10.1038/Nature04927},
    issn = {1476-4687},
    pmid = {16855581},
    keywords = {body-size, coevolutionary networks, community description, compartments, complex networks, food-web structure, patterns, species abundance, stability, trophic interactions}
}

@book{Peterson2011,
    title = {{Ecological niches and geographic distributions}},
    year = {2011},
    booktitle = {Princeton University Press},
    author = {Peterson, A. Townsend and Sober{\'{o}}n, J and Pearson, R G and Anderson, R P and Martinez-Meyer, E and Nakamura, M and Ara�jo, M B},
    pages = {314},
    isbn = {9781400840670}
}

@article{Phillips2009,
    title = {{Sample selection bias and presence-only distribution models: Implications for background and pseudo-absence data}},
    year = {2009},
    journal = {Ecological Applications},
    author = {Phillips, Steven J and Dud{\'{i}}k, Miroslav and Elith, Jane and Graham, Catherine H and Lehmann, Anthony and Leathwick, John and Ferrier, Simon},
    number = {1},
    month = {1},
    pages = {181--197},
    volume = {19},
    url = {http://www.ncbi.nlm.nih.gov/pubmed/19323182},
    isbn = {1051-0761},
    doi = {10.1890/07-2153.1},
    issn = {10510761},
    pmid = {19323182},
    arxivId = {1132},
    keywords = {Background data, Niche modeling, Presence-only distribution models, Pseudo-absence, Sample selection bias, Species distribution modeling, Target group}
}

@article{Gao2016,
    title = {{Universal resilience patterns in complex networks}},
    year = {2016},
    journal = {Nature},
    author = {Gao, Jianxi and Barzel, Baruch and Barab{\'{a}}si, Albert-László},
    number = {7590},
    pages = {307--312},
    volume = {530},
    url = {http://www.nature.com/doifinder/10.1038/nature16948},
    isbn = {0008-5472 (Print){\$}{\textbackslash}{\$}r0008-5472 (Linking)},
    doi = {10.1038/nature16948},
    issn = {0028-0836},
    pmid = {11507039},
    arxivId = {NIHMS150003}
}

@article{Hijmans2017,
    title = {{Species distribution modeling with R}},
    year = {2017},
    author = {Hijmans, Robert J and Elith, Jane},
    url = {https://cran.r-project.org/web/packages/dismo/vignettes/sdm.pdf}
}

@article{Reddy2003,
    title = {{Geographical sampling bias and its implications for conservation priorities in Africa}},
    year = {2003},
    journal = {Journal of Biogeography},
    author = {Reddy, Sushma and D{\'{a}}valos, Liliana M.},
    number = {11},
    month = {11},
    pages = {1719--1727},
    volume = {30},
    publisher = {Blackwell Science Ltd},
    url = {http://doi.wiley.com/10.1046/j.1365-2699.2003.00946.x},
    isbn = {0305-0270},
    doi = {10.1046/j.1365-2699.2003.00946.x},
    issn = {03050270},
    pmid = {11168283},
    keywords = {Africa, Biodiversity hotspots, Birds, Conservation priority setting, Locality records, Sampling}
}

@inproceedings{Schulman2007,
    title = {{Analysing botanical collecting effort in Amazonia and correcting for it in species range estimation}},
    year = {2007},
    booktitle = {Journal of Biogeography},
    author = {Schulman, Leif and Toivonen, Tuuli and Ruokolainen, Kalle},
    number = {8},
    month = {8},
    pages = {1388--1399},
    volume = {34},
    publisher = {Blackwell Publishing Ltd},
    url = {http://doi.wiley.com/10.1111/j.1365-2699.2007.01716.x},
    isbn = {1365-2699},
    doi = {10.1111/j.1365-2699.2007.01716.x},
    issn = {03050270},
    keywords = {Amazon, Collecting intensity, Conservation biogeography, GIS, Herbarium collections, Neotropics, Point data, Range estimation, Species modelling, Thiessen polygon}
}

@article{Dennis2000,
    title = {{Bias in butterfly distribution maps: The influence of hot spots and recorder's home range}},
    year = {2000},
    journal = {Journal of Insect Conservation},
    author = {Dennis, R. L H and Thomas, C. D.},
    number = {2},
    pages = {73--77},
    volume = {4},
    publisher = {Kluwer Academic Publishers},
    url = {http://link.springer.com/10.1023/A:1009690919835},
    isbn = {1366638X},
    doi = {10.1023/A:1009690919835},
    issn = {1366638X},
    pmid = {510},
    keywords = {Bias recording, Database, Lepidoptera, Mapping}
}

@article{Borrett2014,
    title = {{The rise of Network Ecology: Maps of the topic diversity and scientific collaboration}},
    year = {2014},
    journal = {Ecological Modelling},
    author = {Borrett, Stuart R. and Moody, James and Edelmann, Achim},
    pages = {111--127},
    volume = {293},
    url = {http://www.sciencedirect.com/science/article/pii/S0304380014001136},
    isbn = {9109622411},
    doi = {10.1016/j.ecolmodel.2014.02.019},
    arxivId = {1311.1785},
    keywords = {Bibliographic analysis, Co-authorship, Connectivity, Network ecology, Non-trophic interactions, Social network analysis}
}

@article{Dale2010,
    title = {{From Graphs to Spatial Graphs}},
    year = {2010},
    journal = {Annual Review of Ecology, Evolution, and Systematics},
    author = {Dale, M.R.T. and Fortin, M.-J.},
    number = {1},
    month = {12},
    pages = {21--38},
    volume = {41},
    publisher = {Annual Reviews},
    url = {http://www.annualreviews.org/doi/10.1146/annurev-ecolsys-102209-144718},
    isbn = {1543-592X},
    doi = {10.1146/annurev-ecolsys-102209-144718},
    issn = {1543-592X},
    keywords = {connectivity, network, spatial structure, subgraph, tree}
}

@article{Cavallin2016,
    title = {{Influence of biological and Social-Historical variables on the time taken to describe an angiosperm}},
    year = {2016},
    journal = {American Journal of Botany},
    author = {Cavallin, Evelin K.S. and Munhoz, Cássia B.R. and Harris, Stephen A. and Villarroel, Daniel and Proen{\c{c}}a, Carolyn E.B.},
    doi = {10.3732/ajb.1600120},
    issn = {00029122},
    keywords = {Botanical nomenclature, History of botany, New species, Plant collecting, Plant conservation, Plant taxonomy}
}

@article{KochVeiga2017,
    title = {{A conceptual framework for quality assessment and management of biodiversity data}},
    year = {2017},
    journal = {PLoS ONE},
    author = {Koch Veiga, Allan and Saraiva, Antonio Mauro and Chapman, Arthur David and Morris, Paul John and Gendreau, Christian and Schigel, Dmitry and Robertson, Tim James},
    doi = {10.1371/journal.pone.0178731},
    issn = {1932-6203}
}

@article{Bingham2017,
    title = {{The Biodiversity Informatics Landscape: Elements, Connections and Opportunities}},
    year = {2017},
    journal = {Research Ideas and Outcomes},
    author = {Bingham, Heather and Doudin, Michel and Weatherdon, Lauren and Despot-Belmonte, Katherine and Wetzel, Florian and Groom, Quentin and Lewis, Edward and Regan, Eugenie and Appeltans, Ward and G{\"{u}}ntsch, Anton and Mergen, Patricia and Agosti, Donat and Penev, Lyubomir and Hoffmann, Anke and Saarenmaa, Hannu and Geller, Gary and Kim, Kidong and Kim, HyeJin and Archambeau, Anne-Sophie and H{\"{a}}user, Christoph and Schmeller, Dirk and Geijzendorffer, Ilse and Garc{\'{i}}a Camacho, Antonio and Guerra, Carlos and Robertson, Tim and Runnel, Veljo and Valland, Nils and Martin, Corinne},
    month = {6},
    pages = {e14059},
    volume = {3},
    publisher = {Pensoft Publishers},
    url = {http://riojournal.com/articles.php?id=14059},
    doi = {10.3897/rio.3.e14059},
    issn = {2367-7163},
    keywords = {Biodiversity informatics, data, indicators, network}
}

@article{Groom2014,
    title = {{Herbarium specimens reveal the exchange network of British and Irish botanists, 1856–1932: New Journal of Botany: Vol 4, No 2}},
    year = {2014},
    journal = {New Journal of Botany},
    author = {Groom, Q J and Reilly, C O and Humphrey, T},
    number = {2},
    pages = {95--103},
    volume = {4},
    url = {http://www.maneyonline.com/doi/pdfplus/10.1179/2042349714Y.0000000041},
    doi = {10.1179/2042349714Y.0000000041},
    issn = {2042-3489},
    keywords = {botanical exchange club, prosopographical network, scientometrics, social network analysis, women in science}
}

@article{Bush2017,
    title = {{Connecting Earth observation to high-throughput biodiversity data}},
    year = {2017},
    journal = {Nature Ecology {\&} Evolution},
    author = {Bush, Alex and Sollmann, Rahel and Wilting, Andreas and Bohmann, Kristine and Cole, Beth and Balzter, Heiko and Martius, Christopher and Zlinszky, András and Calvignac-Spencer, Sébastien and Cobbold, Christina A and Dawson, Terence P and Emerson, Brent C and Ferrier, Simon and Gilbert, M. Thomas P. and Herold, Martin and Jones, Laurence and Leendertz, Fabian H and Matthews, Louise and Millington, James D A and Olson, John R. and Ovaskainen, Otso and Raffaelli, Dave and Reeve, Richard and R{\"{o}}del, Mark-Oliver and Rodgers, Torrey W. and Snape, Stewart and Visseren-Hamakers, Ingrid and Vogler, Alfried P. and White, Piran C. L. and Wooster, Martin J. and Yu, Douglas W},
    number = {7},
    pages = {0176},
    volume = {1},
    url = {https://www.nature.com/articles/s41559-017-0176 https://www.nature.com/article-assets/npg/natecolevol/2017/s41559-017-0176/extref/s41559-017-0176-s1.pdf},
    isbn = {2397-334X},
    doi = {10.1038/s41559-017-0176},
    issn = {2397-334X}
}

@misc{Holme2015,
    title = {{Modern temporal network theory: a colloquium}},
    year = {2015},
    booktitle = {European Physical Journal B},
    author = {Holme, Petter},
    number = {9},
    volume = {88},
    doi = {10.1140/epjb/e2015-60657-4},
    issn = {14346036},
    arxivId = {1508.01303}
}

@article{Bohan2017,
    title = {{Next-Generation Global Biomonitoring: Large-scale, Automated Reconstruction of Ecological Networks}},
    year = {2017},
    journal = {Trends in Ecology and Evolution},
    author = {Bohan, David A. and Vacher, Corinne and Tamaddoni-Nezhad, Alireza and Raybould, Alan and Dumbrell, Alex J. and Woodward, Guy},
    number = {7},
    month = {7},
    pages = {477--487},
    volume = {32},
    publisher = {Island Press},
    url = {http://www.ncbi.nlm.nih.gov/pubmed/28359573 http://linkinghub.elsevier.com/retrieve/pii/S0169534717300605},
    isbn = {0169-5347},
    doi = {10.1016/j.tree.2017.03.001},
    issn = {01695347},
    pmid = {28359573}
}

@article{Thomas2004,
    title = {{Extinction risk from climate change.}},
    year = {2004},
    journal = {Nature},
    author = {Thomas, Chris D. and Thomas, Chris D. and Cameron, Alison and Cameron, Alison and Green, Rhys E. and Green, Rhys E. and Bakkenes, Michel and Bakkenes, Michel and Beaumont, Linda J. and Beaumont, Linda J. and Collingham, Yvonne C. and Collingham, Yvonne C. and Erasmus, Barend F. N. and Erasmus, Barend F. N. and De Siqueira, Marinez Ferreira and De Siqueira, Marinez Ferreira and Grainger, Alan and Grainger, Alan and Hannah, Lee and Hannah, Lee and Hughes, Lesley and Hughes, Lesley and Huntley, Brian and Huntley, Brian and Van Jaarsveld, Albert S and Van Jaarsveld, Albert S and Midgley, Guy F. and Midgley, Guy F. and Miles, Lera and Miles, Lera and Ortega-Huerta, Miguel A. and Ortega-Huerta, Miguel A. and Peterson, a. Townsend and Phillips, Oliver L. and Phillips, Oliver L. and Williams, Stephen E. and Williams, Stephen E.},
    number = {6970},
    month = {1},
    pages = {145--8},
    volume = {427},
    publisher = {Nature Publishing Group},
    url = {http://www.nature.com/doifinder/10.1038/nature02121 http://www.ncbi.nlm.nih.gov/pubmed/18653892},
    isbn = {0028-0836},
    doi = {10.1038/nature02121},
    issn = {1476-4687},
    pmid = {14712274},
    keywords = {Animals, Biodiversity, Carbon, Carbon: metabolism, Conservation of Natural Resources, Geography, Greenhouse Effect, Models, Risk Assessment, Species Specificity, Theoretical, Time Factors}
}

@article{Edwards2006,
    title = {{Effects of sample survey design on the accuracy of classification tree models in species distribution models}},
    year = {2006},
    journal = {Ecological Modelling},
    author = {Edwards, Thomas C and Cutler, D Richard and Zimmermann, Niklaus E and Geiser, Linda and Moisen, Gretchen G},
    number = {2},
    pages = {132--141},
    volume = {199},
    url = {https://www.fs.fed.us/rm/pubs_other/rmrs_2006_edwards_t001.pdf},
    isbn = {0304-3800},
    doi = {10.1016/j.ecolmodel.2006.05.016},
    issn = {03043800},
    keywords = {Accuracy assessment, Classification trees, Lichens, Model accuracy, Non-probability samples, Probability samples, Sample survey, Study design}
}

@article{Chapman2005,
    title = {{Principles of Data Quality}},
    year = {2005},
    journal = {Global Biodiversity},
    author = {Chapman, Arthur David and Speers, Larry},
    editor = {{Report for the Global Biodiversity Facility}},
    number = {Chrisman},
    pages = {58},
    url = {http://www2.gbif.org/DataQuality.pdf},
    address = {Copenhaen}
}

@misc{Costello2013,
    title = {{Biodiversity data should be published, cited, and peer reviewed}},
    year = {2013},
    booktitle = {Trends in Ecology and Evolution},
    author = {Costello, Mark J and Michener, William K and Gahegan, Mark and Zhang, Zhi Qiang and Bourne, Philip E},
    number = {8},
    month = {8},
    pages = {454--461},
    volume = {28},
    url = {http://linkinghub.elsevier.com/retrieve/pii/S0169534713001092},
    isbn = {0169-5347},
    doi = {10.1016/j.tree.2013.05.002},
    issn = {01695347},
    pmid = {23756105},
    keywords = {Databases, Global Biodiversity Information Facility, Journals, Quality control, Species}
}

@article{Taylor2012,
    title = {{Time-varying graphs and dynamic networks}},
    year = {2012},
    journal = {International Journal of Parallel, Emergent and Distributed Systems},
    author = {Taylor, Publisher and Casteigts, Arnaud and Flocchini, Paola and Quattrociocchi, Walter and Santoro, Nicola},
    number = {December 2014},
    month = {10},
    pages = {37--41},
    volume = {27},
    url = {http://www.tandfonline.com/doi/abs/10.1080/17445760.2012.668546},
    doi = {10.1080/17445760.2012.668546},
    issn = {1744-5760},
    keywords = {delay-tolerant networks, distributed computing, dynamic graphs, opportunistic networks, social networks, time-varying graphs}
}

@article{Maletic2000,
    title = {{Data Cleansing: Beyond Integrity Analysis.}},
    year = {2000},
    journal = {Iq},
    author = {Maletic, JI and Marcus, Andrian},
    pages = {1--10},
    url = {https://pdfs.semanticscholar.org/8e53/7e18fd5257a5f763d57455df9f8a112425d4.pdf http://citeseerx.ist.psu.edu/viewdoc/download?doi=10.1.1.37.5212&rep=rep1&type=pdf},
    keywords = {data cleaning, data cleansing, data quality, error detection}
}

@article{Chapman2005a,
    title = {{Principles and methods of data cleaning - primary species and species-occurrence data}},
    year = {2005},
    journal = {Report for the Global Biodiversity Information Facility},
    author = {Chapman, Arthur David},
    number = {version 1.0},
    pages = {72},
    keywords = {data cleaning, data cleansing}
}

@article{Peterson2004,
    title = {{Detecting errors in biodiversity data based on collectors' itineraries}},
    year = {2004},
    journal = {BULLETIN-BRITISH ORNITHOLOGISTS CLUB 124},
    author = {Peterson, A. Townsend and Navarro-Siguenza, Adolfo G},
    pages = {65-},
    issn = {17408261}
}

@article{Veiga2014,
    title = {{Data Quality Control in Biodiversity Informatics: The Case of Species Occurrence Data}},
    year = {2014},
    journal = {IEEE LATIN AMERICA TRANSACTIONS},
    author = {Veiga, A Koch and Cartolano Jr., E. A. and Saraiva, Antonio M.},
    number = {4},
    month = {6},
    pages = {683--693},
    volume = {12},
    url = {http://ieeexplore.ieee.org/document/6868870/ http://ieeexplore.ieee.org/xpls/abs_all.jsp?arnumber=6868870},
    doi = {10.1109/TLA.2014.6868870},
    issn = {1548-0992}
}

@article{Kou2004,
    title = {{Survey of fraud detection techniques}},
    year = {2004},
    journal = {Networking Sensing and Control 2004 IEEE International Conference on},
    author = {Kou, Yufeng and Lu, Chang-tien T and Sirwongwattana, S. and Huang, Y P and Sinvongwattana, Sirirat},
    number = {3},
    pages = {749--754},
    volume = {2},
    publisher = {IEEE},
    url = {http://ieeexplore.ieee.org/document/1297040/ http://ieeexplore.ieee.org/xpls/abs_all.jsp?arnumber=1297040},
    isbn = {0780381939},
    doi = {10.1109/ICNSC.2004.1297040},
    issn = {18107869},
    keywords = {computer intrusion, data, fraud detection, knowledge discovery, mining, neural network}
}

@article{Barbet-Massin2012,
    title = {{Selecting pseudo-absences for species distribution models: How, where and how many?}},
    year = {2012},
    journal = {Methods in Ecology and Evolution},
    author = {Barbet-Massin, Morgane and Jiguet, Frédéric and Albert, Cécile Hélène and Thuiller, Wilfried},
    isbn = {2041-210X},
    doi = {10.1111/j.2041-210X.2011.00172.x},
    issn = {2041210X},
    keywords = {Background data, Bias, Biomod, Ecological niche modelling, Sampling design, Virtual species}
}

@article{Zaniewski2002,
    title = {{Predicting species spatial distributions using presence-only data: A case study of native New Zealand ferns}},
    year = {2002},
    journal = {Ecological Modelling},
    author = {Zaniewski, A. Elizabeth and Lehmann, Anthony and Overton, Jacob McC},
    number = {2-3},
    month = {11},
    pages = {261--280},
    volume = {157},
    url = {http://linkinghub.elsevier.com/retrieve/pii/S0304380002001990},
    isbn = {0304-3800},
    doi = {10.1016/S0304-3800(02)00199-0},
    issn = {03043800},
    pmid = {585},
    keywords = {Biodiversity hotspots, ENFA, GAM, New Zealand ferns, Presence-only data, Spatial predictions}
}

@article{Meyer2016,
    title = {{Multidimensional biases, gaps and uncertainties in global plant occurrence information}},
    year = {2016},
    journal = {Ecology Letters},
    author = {Meyer, Carsten and Weigelt, Patrick and Kreft, Holger},
    isbn = {1461-0248},
    doi = {10.1111/ele.12624},
    issn = {14610248},
    pmid = {27250865},
    keywords = {Data bias, Global Biodiversity Information Facility, Global Strategy for Plant Conservation, Wallacean shortfall, data deficiency, data uncertainty, herbarium specimens, knowledge gaps, species distributions, survey effort}
}

@misc{Holme2012,
    title = {{Temporal networks}},
    year = {2012},
    booktitle = {Physics Reports},
    author = {Holme, Petter and Saram{\"{a}}ki, Jari},
    number = {3},
    month = {10},
    pages = {97--125},
    volume = {519},
    url = {http://linkinghub.elsevier.com/retrieve/pii/S0370157312000841},
    isbn = {0370-1573},
    doi = {10.1016/j.physrep.2012.03.001},
    issn = {03701573},
    pmid = {10418295},
    arxivId = {1108.1780}
}

@misc{Barthelemy2011,
    title = {{Spatial networks}},
    year = {2011},
    booktitle = {Physics Reports},
    author = {Barth{\'{e}}lemy, Marc},
    number = {1-3},
    month = {2},
    pages = {1--101},
    volume = {499},
    url = {http://linkinghub.elsevier.com/retrieve/pii/S037015731000308X},
    isbn = {0370-1573},
    doi = {10.1016/j.physrep.2010.11.002},
    issn = {03701573},
    pmid = {24906003},
    arxivId = {1010.0302},
    keywords = {Geography, Graphs, Networks, Spatial properties, Statistical physics, Urban systems}
}

@article{Aleskerov1997,
    title = {{Cardwatch : A Neural Network Based Database stern for Credit Card Fraud Detection}},
    year = {1997},
    journal = {Proceedings of the IEEE/IAFE},
    author = {Aleskerov, Emin and Freisleben, Bernd and Rao, Bharat},
    pages = {220--226},
    publisher = {IEEE},
    url = {http://ieeexplore.ieee.org/document/618940/ http://ieeexplore.ieee.org/lpdocs/epic03/wrapper.htm?arnumber=618940},
    isbn = {0-7803-4133-3},
    doi = {10.1109/CIFER.1997.618940}
}

@article{Kandhari2009,
    title = {{Anomaly detection}},
    year = {2009},
    journal = {ACM Computing Surveys},
    author = {Kandhari, Rupali and Chandola, Varun and Banerjee, Arindam and Kumar, Vipin and Kandhari, Rupali},
    number = {3},
    month = {7},
    pages = {1--6},
    volume = {41},
    url = {http://portal.acm.org/citation.cfm?doid=1541880.1541882},
    isbn = {0818663359},
    doi = {10.1145/1541880.1541882},
    issn = {03600300},
    pmid = {21834704},
    arxivId = {arXiv:1011.1669v3}
}

@article{Angiulli2002,
    title = {{Fast Outlier Detection in High Dimensional Spaces}},
    year = {2002},
    journal = {Lecture Notes in Computer Science},
    author = {Angiulli, Fabrizio and Pizzuti, Clara},
    pages = {15--26},
    url = {http://link.springer.com/10.1007/3-540-45681-3_2 http://www.springerlink.com/index/HU10HEKYC958J52J.pdf},
    isbn = {3540440372},
    doi = {10.1007/3-540-45681-3{\_}2}
}

@misc{Michener2012,
    title = {{Ecoinformatics: Supporting ecology as a data-intensive science}},
    year = {2012},
    booktitle = {Trends in Ecology and Evolution},
    author = {Michener, William K and Jones, Matthew B},
    number = {2},
    month = {2},
    pages = {88--93},
    volume = {27},
    publisher = {Elsevier},
    url = {http://www.ncbi.nlm.nih.gov/pubmed/22240191},
    isbn = {0169-5347 (Print){\textbackslash}r0169-5347 (Linking)},
    doi = {10.1016/j.tree.2011.11.016},
    issn = {01695347},
    pmid = {22240191}
}

@inproceedings{Mislove2010,
    title = {{You are who you know: Inferring User Profiles in Online Social Networks}},
    year = {2010},
    booktitle = {the third ACM international conference},
    author = {Mislove, Alan and Viswanath, Bimal and Gummadi, Krishna P and Druschel, Peter},
    pages = {251},
    url = {http://portal.acm.org/citation.cfm?doid=1718487.1718519%5Cnpapers2://publication/doi/10.1145/1718487.1718519},
    isbn = {9781605588896},
    doi = {10.1145/1718487.1718519},
    keywords = {J4 [Computer Applications], Measurement Keywords Social networks, Online In-formation Services—Web-based services, communities, inferring attributes}
}

@article{Guyon2003,
    title = {{An Introduction to Variable and Feature Selection}},
    year = {2003},
    journal = {Journal of Machine Learning Research},
    author = {Guyon, Isabelle and Elisseeff, André and De, Andre@tuebingen Mpg},
    pages = {1157--1182},
    volume = {3},
    keywords = {QSAR, Variable selection, bioinformatics, clustering, computational biology, feature selection, filters, gene expression, genomics, information retrieval, information theory, microarray, model selection, pattern discov-ery, proteomics, space dimensionality reduction, statistical testing, support vector machines, text classification, wrappers}
}

@book{Barbier2011,
    title = {{Social Network Data Analytics}},
    year = {2011},
    author = {Barbier, Geoffrey},
    url = {http://www.springerlink.com/index/10.1007/978-1-4419-8462-3 http://link.springer.com/10.1007/978-1-4419-8462-3},
    isbn = {978-1-4419-8461-6},
    doi = {10.1007/978-1-4419-8462-3},
    keywords = {1441984615, 9781441984616}
}

@article{Newman2003a,
    title = {{Data-intensive E-science Frontier Research}},
    year = {2003},
    journal = {COMMUNICATIONS OF THE ACM},
    author = {Newman, Harvey B and Ellisman, Mark H and Orcutt, John A},
    number = {11},
    volume = {46}
}

@inproceedings{Raad2010,
    title = {{User profile matching in social networks}},
    year = {2010},
    booktitle = {Proceedings - 13th International Conference on Network-Based Information Systems, NBiS 2010},
    author = {Raad, Elie and Chbeir, Richard and Dipanda, Albert},
    pages = {297--304},
    isbn = {9780769541679},
    doi = {10.1109/NBiS.2010.35},
    issn = {2157-0418},
    keywords = {FOAF, Profile matching, Social networks}
}

@article{Bhattacharya2007,
    title = {{Collective entity resolution in relational data}},
    year = {2007},
    journal = {ACM Transactions on Knowledge Discovery from Data},
    author = {Bhattacharya, Indrajit and Getoor, Lise},
    number = {1},
    pages = {5-es},
    volume = {1},
    url = {http://portal.acm.org/citation.cfm?doid=1217299.1217304},
    isbn = {1556-4681},
    doi = {10.1145/1217299.1217304},
    issn = {15564681},
    pmid = {18605031}
}

@inproceedings{Rowe2008,
    title = {{Disambiguating identity through social circles and social data}},
    year = {2008},
    booktitle = {CEUR Workshop Proceedings},
    author = {Rowe, Matthew and Ciravegna, Fabio},
    isbn = {1613-0073},
    issn = {16130073},
    keywords = {Communities, Disambiguation, Identity, Semantic web, Social networks, Social web}
}

@article{Reichman2011,
    title = {{Challenges and Opportunities of Open Data in Ecology}},
    year = {2011},
    journal = {Science},
    author = {Reichman, O. J. and Jones, M. B. and Schildhauer, M. P.},
    number = {6018},
    pages = {703--705},
    volume = {331},
    url = {http://www.sciencemag.org/cgi/doi/10.1126/science.1197962},
    isbn = {1095-9203 (Electronic){\textbackslash}r0036-8075 (Linking)},
    doi = {10.1126/science.1197962},
    issn = {0036-8075},
    pmid = {21311007}
}

@article{Newbold2010,
    title = {{Applications and limitations of museum data for conservation and ecology, with particular attention to species distribution models}},
    year = {2010},
    journal = {Progress in Physical Geography},
    author = {Newbold, Tim},
    number = {1},
    pages = {3--22},
    volume = {34},
    url = {http://journals.sagepub.com/doi/10.1177/0309133309355630},
    isbn = {0309-1333},
    doi = {10.1177/0309133309355630},
    issn = {0309-1333}
}

@article{Silvertown2009a,
    title = {{A new dawn for citizen science}},
    year = {2009},
    journal = {Trends in Ecology and Evolution},
    author = {Silvertown, Jonathan},
    number = {9},
    pages = {467--471},
    volume = {24},
    isbn = {0169-5347},
    doi = {10.1016/j.tree.2009.03.017},
    issn = {01695347},
    pmid = {19586682}
}

@article{Barrat2003,
    title = {{The architecture of complex weighted networks}},
    year = {2003},
    author = {Barrat, Alain and Barthelemy, Marc and Pastor-Satorras, Romualdo and Vespignani, Alessandro},
    url = {http://arxiv.org/abs/cond-mat/0311416%0Ahttp://dx.doi.org/10.1073/pnas.0400087101},
    isbn = {0027-8424 (Print)},
    doi = {10.1073/pnas.0400087101},
    issn = {0027-8424},
    pmid = {15007165},
    arxivId = {cond-mat/0311416}
}

@inproceedings{Tian2008,
    title = {{Efficient aggregation for graph summarization}},
    year = {2008},
    booktitle = {Proceedings of the 2008 ACM SIGMOD international conference on Management of data - SIGMOD '08},
    author = {Tian, Yuanyuan and Hankins, Richard A. and Patel, Jignesh M.},
    pages = {567},
    url = {http://portal.acm.org/citation.cfm?doid=1376616.1376675},
    isbn = {9781605581026},
    doi = {10.1145/1376616.1376675},
    issn = {07308078}
}

@article{Newman2004,
    title = {{Coauthorship networks and patterns of scientific collaboration}},
    year = {2004},
    journal = {Proceedings of the National Academy of Sciences},
    author = {Newman, M. E. J.},
    number = {Supplement 1},
    pages = {5200--5205},
    volume = {101},
    url = {http://www.pnas.org/cgi/doi/10.1073/pnas.0307545100},
    isbn = {0027-8424},
    doi = {10.1073/pnas.0307545100},
    issn = {0027-8424},
    pmid = {14745042},
    arxivId = {arXiv:cond-mat/0011144v2},
    archivePrefix = {arXiv},
    eprint = {0011144v2},
    primaryClass = {cond-mat}
}

@article{Lambiotte2005,
    title = {{Uncovering collective listening habits and music genres in bipartite networks}},
    year = {2005},
    journal = {Physical Review E - Statistical, Nonlinear, and Soft Matter Physics},
    author = {Lambiotte, R. and Ausloos, M.},
    number = {6},
    volume = {72},
    isbn = {1539-3755 (Print)},
    doi = {10.1103/PhysRevE.72.066107},
    issn = {15393755},
    pmid = {16486010},
    arxivId = {physics/0508233}
}

@article{Newman2001a,
    title = {{Scientific collaboration networks. II. Shortest paths, weighted networks, and centrality}},
    year = {2001},
    journal = {Physical Review E - Statistical, Nonlinear, and Soft Matter Physics},
    author = {Newman, M. E. J.},
    number = {1},
    pages = {016132},
    volume = {64},
    url = {http://link.aps.org/doi/10.1103/PhysRevE.64.016132},
    isbn = {978-3-540-44485-5},
    doi = {10.1103/PhysRevE.64.016132},
    issn = {1063-651X},
    pmid = {1348},
    arxivId = {cond-mat/0011144}
}

@article{Barabsi2002,
    title = {{Evolution of the social network of scientific collaborations}},
    year = {2002},
    journal = {Physica A: Statistical Mechanics and its Applications},
    author = {Barab{\'{a}}si, Albert-László and Jeong, H. and N??da, Z. and Ravasz, E. and Schubert, A. and Vicsek, T.},
    number = {3-4},
    pages = {590--614},
    volume = {311},
    isbn = {0378-4371},
    doi = {10.1016/S0378-4371(02)00736-7},
    issn = {03784371},
    pmid = {18238244},
    arxivId = {cond-mat/0104162},
    keywords = {Random networks, Scale-free networks, Scaling, Small-word systems}
}

@article{Newman2001,
    title = {{Clustering and preferential attachment in growing networks}},
    year = {2001},
    author = {Newman, M. E. J.},
    url = {http://arxiv.org/abs/cond-mat/0104209%0Ahttp://dx.doi.org/10.1103/PhysRevE.64.025102},
    isbn = {1063-651X},
    doi = {10.1103/PhysRevE.64.025102},
    issn = {1063-651X},
    pmid = {11497639},
    arxivId = {cond-mat/0104209}
}

@article{Goh2003,
    title = {{Betweenness centrality correlation in social networks}},
    year = {2003},
    journal = {Physical Review E},
    author = {Goh, K.-I. and Oh, E. and Kahng, B. and Kim, D.},
    number = {1},
    month = {1},
    pages = {017101},
    volume = {67},
    url = {https://link.aps.org/doi/10.1103/PhysRevE.67.017101},
    isbn = {1063-651X{\textbackslash}r1095-3787},
    doi = {10.1103/PhysRevE.67.017101},
    issn = {1063-651X},
    pmid = {12636633},
    arxivId = {cond-mat/0210224}
}

@article{Ramasco2004,
    title = {{Self-organization of collaboration networks}},
    year = {2004},
    journal = {Physical Review E - Statistical, Nonlinear, and Soft Matter Physics},
    author = {Ramasco, José J. and Dorogovtsev, S. N. and Pastor-Satorras, Romualdo},
    number = {3 2},
    volume = {70},
    isbn = {1539-3755{\textbackslash}n1550-2376},
    doi = {10.1103/PhysRevE.70.036106},
    issn = {15393755},
    pmid = {15524586},
    arxivId = {cond-mat/0403438}
}

@book{Batagelj2014,
    title = {{Understanding Large Temporal Networks and Spatial Networks: Exploration, Pattern Searching, Visualization and Network Evolution}},
    year = {2014},
    booktitle = {Understanding Large Temporal Networks and Spatial Networks: Exploration, Pattern Searching, Visualization and Network Evolution},
    author = {Batagelj, Vladimir and Doreian, Patrick and Ferligoj, Anᅭka and Kej{\v{z}}ar, Nataša},
    pages = {1--450},
    isbn = {9781118915370},
    doi = {10.1002/9781118915370}
}

@inproceedings{Lambiotte2006,
    title = {{On the genre-fication of music: A percolation approach}},
    year = {2006},
    booktitle = {European Physical Journal B},
    author = {Lambiotte, R. and Ausloos, M.},
    number = {1-2},
    pages = {183--188},
    volume = {50},
    doi = {10.1140/epjb/e2006-00115-0},
    issn = {14346028},
    arxivId = {physics/0509134}
}

@book{Stork2015,
    title = {{The Sage Handbook of Social Network Analysis}},
    year = {2015},
    booktitle = {The SAGE encyclopedia of Educational Technology},
    author = {Stork, Michele Garabedian},
    pages = {22--24},
    isbn = {9781452258225},
    doi = {http://dx.doi.org/10.4135/9781483346397},
    issn = {0038-0385},
    pmid = {21877494},
    arxivId = {0803973233}
}

@article{Boguna2003,
    title = {{Class of correlated random networks with hidden variables}},
    year = {2003},
    author = {Boguna, Marian and Pastor-Satorras, Romualdo},
    pages = {1--13},
    url = {http://arxiv.org/abs/cond-mat/0306072%0Ahttp://dx.doi.org/10.1103/PhysRevE.68.036112},
    doi = {10.1103/PhysRevE.68.036112},
    arxivId = {cond-mat/0306072}
}

@incollection{Lehning2009,
    title = {{Instrumenting the Earth: Next Generation Sensor Networks in Environmental Science}},
    year = {2009},
    booktitle = {The fourth paradigm: data-intensive scientific discovery},
    author = {Lehning, Michael and Dawes, Nicholas and Bavay, Mathias and Parlange, Marc and Nath, Suman and Zhao, Feng},
    chapter = {6},
    edition = {1},
    publisher = {Microsoft research Redmond, WA}
}

@article{Barber2007,
    title = {{Modularity and community detection in bipartite networks}},
    year = {2007},
    journal = {Physical Review E - Statistical, Nonlinear, and Soft Matter Physics},
    author = {Barber, Michael J.},
    number = {6},
    pages = {1--9},
    volume = {76},
    isbn = {1550-2376},
    doi = {10.1103/PhysRevE.76.066102},
    issn = {15393755},
    pmid = {18233893},
    arxivId = {0707.1616}
}

@article{Newman2006,
    title = {{Finding community structure in networks using the eigenvectors of matrices}},
    year = {2006},
    journal = {Physical Review E - Statistical, Nonlinear, and Soft Matter Physics},
    author = {Newman, M. E. J.},
    number = {3},
    pages = {1--19},
    volume = {74},
    isbn = {1539-3755 (Print){\textbackslash}r1539-3755 (Linking)},
    doi = {10.1103/PhysRevE.74.036104},
    issn = {15393755},
    pmid = {17025705},
    arxivId = {physics/0605087}
}

@article{Guimera2007,
    title = {{Module identification in bipartite and directed networks}},
    year = {2007},
    journal = {Physical Review E - Statistical, Nonlinear, and Soft Matter Physics},
    author = {Guimer{\`{a}}, Roger and Sales-Pardo, Marta and Amaral, Luís A Nunes},
    number = {3},
    pages = {1--8},
    volume = {76},
    isbn = {1539-3755},
    doi = {10.1103/PhysRevE.76.036102},
    issn = {15393755},
    pmid = {249785900009},
    arxivId = {physics/0701151}
}

@article{Borgatti1997,
    title = {{Network analysis of 2-mode data}},
    year = {1997},
    journal = {Social Networks},
    author = {Borgatti, Stephen P. and Everett, Martin G.},
    number = {3},
    pages = {243--269},
    volume = {19},
    isbn = {0378-8733},
    doi = {10.1016/S0378-8733(96)00301-2},
    issn = {03788733},
    pmid = {1842},
    keywords = {Centrality, Clusters, Networks}
}

@article{Gray2005,
    title = {{Extracting the hierarchical organization of complex systems}},
    year = {2007},
    journal = {PNAS},
    author = {Sales-Pardo, Marta and Guimer{\`{a}}, Roger and Moreira, André A. and Amaral, Luís A. Nunes},
    number = {39},
    volume = {104},
    isbn = {0901510106},
    doi = {10.1017/CBO9781107415324.004},
    issn = {1098-6596},
    pmid = {25246403},
    arxivId = {arXiv:1011.1669v3},
    keywords = {cellular metabolism, complex networks, multiscale representation}
}

@article{Dormann2009,
    title = {{Indices, Graphs and Null Models: Analyzing Bipartite Ecological Networks}},
    year = {2009},
    journal = {The Open Ecology Journal},
    author = {Dormann, Carsten F. and Frund, Jochen and Bluthgen, Nico and Gruber, Bernd},
    number = {1},
    pages = {7--24},
    volume = {2},
    url = {http://benthamopen.com/ABSTRACT/TOECOLJ-2-1-7},
    isbn = {18742130},
    doi = {10.2174/1874213000902010007},
    issn = {18742130},
    pmid = {18974802},
    keywords = {connectance, linkage density, nestedness, network, pollination web, specialization}
}

@article{Fortunato2007,
    title = {{Resolution limit in community detection.}},
    year = {2007},
    journal = {Pnas},
    author = {Fortunato, Santo and Barth{\'{e}}lemy, Marc},
    number = {1},
    pages = {36--41},
    volume = {104},
    isbn = {0027-8424 (Print)},
    doi = {10.1073/pnas.0605965104},
    issn = {0027-8424},
    pmid = {17190818},
    arxivId = {arXiv:physics/0607100v2},
    archivePrefix = {arXiv},
    eprint = {0607100v2},
    primaryClass = {physics}
}

@article{Elith2011,
    title = {{A statistical explanation of MaxEnt for ecologists}},
    year = {2011},
    journal = {Diversity and Distributions},
    author = {Elith, Jane and Phillips, Steven J. and Hastie, Trevor and Dud{\'{i}}k, Miroslav and Chee, Yung En and Yates, Colin J.},
    number = {1},
    pages = {43--57},
    volume = {17},
    isbn = {1472-4642},
    doi = {10.1111/j.1472-4642.2010.00725.x},
    issn = {13669516},
    pmid = {15204886},
    arxivId = {1132},
    keywords = {Absence, Ecological niche, Entropy, Machine learning, Presence-only, Species distribution model}
}

@article{Bisby2000,
    title = {{The quiet revolution:biodiversity informatics and the internet}},
    year = {2000},
    journal = {Science},
    author = {Bisby, Frank A.},
    number = {September},
    pages = {2309--2311},
    volume = {289}
}

@article{Yesson2007,
    title = {{How global is the global biodiversity information facility?}},
    year = {2007},
    journal = {PLoS ONE},
    author = {Yesson, Chris and Brewer, Peter W. and Sutton, Tim and Caithness, Neil and Pahwa, Jaspreet S. and Burgess, Mikhaila and Gray, W. Alec and White, Richard J. and Jones, Andrew C. and Bisby, Frank A. and Culham, Alastair},
    number = {11},
    volume = {2},
    isbn = {1932-6203 ST - How Global Is the Global Biodiversity Information Facility?},
    doi = {10.1371/journal.pone.0001124},
    issn = {19326203},
    pmid = {17987112}
}

@article{Kramer-Schadt2013,
    title = {{The importance of correcting for sampling bias in MaxEnt species distribution models}},
    year = {2013},
    journal = {Diversity and Distributions},
    author = {Kramer-Schadt, Stephanie and Niedballa, Jürgen and Pilgrim, John D. and Schr{\"{o}}der, Boris and Lindenborn, Jana and Reinfelder, Vanessa and Stillfried, Milena and Heckmann, Ilja and Scharf, Anne K. and Augeri, Dave M. and Cheyne, Susan M. and Hearn, Andrew J. and Ross, Joanna and Macdonald, David W. and Mathai, John and Eaton, James and Marshall, Andrew J. and Semiadi, Gono and Rustam, Rustam and Bernard, Henry and Alfred, Raymond and Samejima, Hiromitsu and Duckworth, J. W. and Breitenmoser-Wuersten, Christine and Belant, Jerrold L. and Hofer, Heribert and Wilting, Andreas},
    number = {11},
    pages = {1366--1379},
    volume = {19},
    isbn = {1472-4642},
    doi = {10.1111/ddi.12096},
    issn = {13669516},
    keywords = {Borneo, Carnivora, Conservation planning, Ecological niche modelling, Maximum entropy (MaxEnt), Sampling bias, Southeast Asia, Species distribution modelling, Viverridae}
}

@article{Graham2004,
    title = {{New developments in museum-based informatics and applications in biodiversity analysis}},
    year = {2004},
    journal = {Trends in Ecology and Evolution},
    author = {Graham, Catherine H and Ferrier, Simon and Huettman, Falk and Moritz, Craig and Peterson, A. Townsend},
    number = {9},
    pages = {497--503},
    volume = {19},
    isbn = {0169-5347},
    doi = {10.1016/j.tree.2004.07.006},
    issn = {01695347},
    pmid = {16701313}
}

@article{Gelfand2006,
    title = {{Explaining species distribution patterns through hierarchical modeling}},
    year = {2006},
    journal = {Bayesian Analysis},
    author = {Gelfand, Alan E and Jr, John a Silander and Wu, Shanshan and Latimer, Andrew and Silander, John a and Wuz, Shanshan and Latimerx, Andrew and Lewis, Paul O and Rebelok, Anthony G and Holder, Mark},
    number = {1},
    pages = {41--92},
    volume = {1},
    isbn = {1931-6690},
    doi = {10.1214/06-BA102},
    issn = {19316690},
    pmid = {20391121},
    keywords = {Markov random field, adaptive rejection method, spatial logistic re- gression, species range, species richness}
}

@article{Guisan2000,
    title = {{Predictive habitat distribution models in ecology}},
    year = {2000},
    journal = {Ecological Modelling},
    author = {Guisan, Antoine and Guisan, Antoine and Zimmermann, Niklaus E and Zimmermann, Niklaus E},
    number = {2-3},
    pages = {147--186},
    volume = {135},
    url = {http://linkinghub.elsevier.com/retrieve/pii/S0304380000003549},
    isbn = {0304-3800},
    doi = {10.1016/S0304-3800(00)00354-9},
    issn = {03043800},
    pmid = {429},
    arxivId = {1115},
    keywords = {Biogeography, Model, Model calibration, Model formulation, Plant ecology, Species models, Vegetation models, abbre 6 iations, biogeography, canonical correspondence analysis, cart, cc, cca, classification and regression trees, climate change, dem, digital elevation model, ecological niche factor analysis, enfa, gam, generalized additive model, generalized linear model, glm, least squares, ls, model, model calibration, model formulation, pca, plant ecology, principal component analysis, rda, redundancy analysis, species models, vegetation models}
}

@article{Aitken2015,
    title = {{Hierarchical responses of plant-soil interactions to climate change: Consequences for the global carbon cycle}},
    year = {2015},
    journal = {Ecology Letters},
    author = {Aitken, Sally N. and Yeaman, Sam and Holliday, Jason A. and Wang, Tongli and Curtis-McLane, Sierra and Alig, R J and Adams, D M and McCarl, B A and Anad{\'{o}}n, José D. and Sala, Osvaldo E. and Maestre, Fernando T. and Anderson, Jill T. and Aubin, I and Munson, A D and Cardou, F and Burton, P J and Isabel, N and Pedlar, J H and Paquette, A and Taylor, A R and Delagrange, S and Kebli, H and Messier, C and Shipley, B and Valladares, Fernando and Kattge, J and Mckenney, D and Bardgett, Richard D. and Manning, Pete and Morri{\"{e}}n, Elly and De Vries, Franciska T. and Becklin, Katie M. and Anderson, Jill T. and Gerhart, Laci M. and Wadgymar, Susana M. and Wessinger, Carolyn A. and Ward, Joy K. and Becknell, J M and Desai, a R and Dietze, M C and Schultz, C a and Starr, G and Duffy, Philip B a and Franklin, Janet F and Pourmokhtarian, A and Hall, J and Stoy, P C and Binford, M W and Boring, L R and Staudhammer, C L and Bell, David M. and Bradford, John B. and Lauenroth, William K. and Bellard, Céline and Bertelsmeier, Cleo and Leadley, Paul and Thuiller, Wilfried and Courchamp, Franck and Bertrand, Romain and Lenoir, Jonathan and Piedallu, Christian and Riofrio-Dillon, G and de Ruffray, Patrice and Vidal, Claude and Pierrat, J-C Jean-Claude and Gegout, J-C and Riofr{\'{i}}o-Dillon, Gabriela and G{\'{e}}gout, Jean-Claude C and Brook, Barry W and Ak{\c{c}}akaya, H.R. Resit and Keith, David a and Mace, Georgina M. and Pearson, Richard G R.G. and Ara{\'{u}}jo, Miguel B. and Burrows, Michael T. and Schoeman, David S. and Richardson, Andrew D. Anthony J. and Molinos, Jorge García and Hoffmann, A.a. Ary and Buckley, Lauren B. and Moore, Pippa J. and Brown, Christopher J. and Bruno, John F. and Duarte, Carlos M. and Halpern, Benjamin S. and Hoegh-Guldberg, Ove and Kappel, Carrie V. and Kiessling, Wolfgang and O'Connor, Mary I. and Pandolfi, John M. and Parmesan, Camille and Sydeman, William J. and Ferrier, Simon and Williams, Kristen J. and Poloczanska, Elvira S. and O’Connor, Mary I. and Pandolfi, John M. and Parmesan, Camille and Sydeman, William J. and Ferrier, Simon and Williams, Kristen J. and Poloczanska, Elvira S. and Case, Michael J. and Lawler, Joshua J. and Tomasevic, Jorge A. and Challenger, A and Sober{\'{o}}n, Jorge and Chen, I-ching and Chevin, Luis Miguel and Lande, Russell and Mace, Georgina M. and Conde, C and Estrada, F and Mart{\'{i}}nez, B and Corlett, Richard T. R.T. and Westcott, David A. and Cramer, Wolfgang and Bondeau, Alberte and Woodward, F. Ian and Prentice, I. Colin and Betts, Richard A. and Brovkin, Victor and Cox, Peter M. and Fisher, Veronica and Foley, Jonathan A. and Friend, Andrew D. and Kucharik, Chris and Lomas, Mark R. and Ramankutty, Navin and Sitch, Stephen and Smith, Benjamin and White, Andrew and Young-Molling, Christine and Dalgleish, Harmony J. and Koons, David N. and Adler, Peter B. and Davis, Margaret and Shaw, Ruth and Duputi{\'{e}}, Anne and Rutschmann, Alexis and Ronce, Ophélie and Chuine, Isabelle and Ehrl{\'{e}}n, Johan and Morris, William F. and Eigenbrod, Felix and Gonzalez, Patrick and Dash, Jadunandan and Steyl, Ilse and Elith, Jane et al. and H. Graham, Catherine and P. Anderson, Robert and Dud{\'{i}}k, Miroslav and Ferrier, Simon and Guisan, Antoine and J. Hijmans, Robert and Huettmann, Falk and R. Leathwick, John and Lehmann, Anthony and Li, Jin and G. Lohmann, Lucia and A. Loiselle, Bette and Manion, Glenn and Moritz, Craig and Nakamura, Miguel and Nakazawa, Yoshinori and McC. M. Overton, Jacob and Peterson, A. Townsend and J. Phillips, Steven and Richardson, Karen S. and Scachetti-Pereira, Ricardo and E. Schapire, Robert and Sober{\'{o}}n, Jorge and Williams, Stephen and S. Wisz, Mary and E. Zimmermann, Niklaus and Graham, C. H. and Anderson, R. P. and Dudik, M. and Ferrier, Simon and Guisan, Antoine and Hijmans, Robert J. and Huettmann, Falk and Leathwick, J. R. and Lehmann, Anthony and Li, Jin and Lohmann, L. G. and Loiselle, B. a. and Manion, Glenn and Moritz, Craig and Nakamura, Miguel and Nakazawa, Yoshinori and McC., Overton J. and Peterson, Andrew Townsend and Phillips, Sharon J. B. and Richardson, Karen S. and Scachetti-Pereira, Ricardo and Schapire, R. E. and Soberon, J. and Williams, Stephen and Wisz, M. S. and Zimmermann, N. E. and Estrada-Contreras, I. M. Equihua-Zamora, G. Castillo-Campos, O. Rojas-Soto and Estrada-Contreras, Israel and Equihua, Miguel and Laborde, Javier and Mart{\'{i}}nez Meyer, Enrique and S{\'{a}}nchez-Vel{\'{a}}squez, Lázaro R. and Felde, Vivian Astrup and Kapfer, Jutta and Grytnes, John Arvid and Franklin, Janet F and Serra-Diaz, Josep M. and Syphard, Alexandra D. and Regan, Helen M. and Franks, Steven J. and Weber, Jennifer J. and Aitken, Sally N. and Gottfried, Michael and Pauli, Harald and Futschik, Andreas and Akhalkatsi, Maia and Baran{\v{c}}ok, Peter and Alonso, Benito and Luis, José and Coldea, Gheorghe and Dick, Jan and Erschbamer, Brigitta and Calzado, Fernández and Rosa, Marıa and Kazakis, George and Kraj{\v{c}}i, Ján and Larsson, Per and Mallaun, Martin and Michelsen, Ottar and Moiseev, Dmitry and Moiseev, Pavel and Molau, Ulf and Merzouki, Abderrahmane and Nagy, Laszlo and Nakhutsrishvili, George and Pedersen, Bård and Pelino, Giovanni and Puscas, Mihai and Rossi, Graziano and Stanisci, Angela and Theurillat, Jean-Paul and Tomaselli, Marcello and Villar, Luis and Vittoz, Pascal and Vogiatzakis, Ioannis and Grabherr, Georg and Gray, Laura K. and Hamann, Andreas and Roberts, David R. and Barber, Quinn E. and Carroll, Carlos and Nielsen, Scott E. and Hamrick, J. L. and Hijmans, Robert J. and Cameron, Susan E. and Parra, Juan L. and Jones, Peter G. and Jarvis, Andy and {IPCC} and Jackson, Stephen T. and Betancourt, Julio L. and Booth, Robert K. and Gray, Stephen T. and Jump, Alistair S. and Pe{\~{n}}uelas, Josep and Kelly, Anne E and Goulden, Michael L and L{\'{a}}zaro-Nogal, Ana and Matesanz, Silvia and Hallik, Lea and Krasnova, Alisa and Traveset, Anna and Valladares, Fernando and Lenoir, Jonathan and G{\'{e}}gout, Jean-Claude C and Marquet, P A and de Ruffray, Patrice and Brisse, H and Loarie, Scott R and Duffy, Philip B a and Hamilton, Healy and Asner, Gregory P and Field, Christopher B and Ackerly, David D. and Lord, Joshua and Whitlatch, Robert and Grosholz, E. D. and Mantyka-Pringle, Chrystal S. and Visconti, Piero and Di Marco, Moreno and Martin, Tara G. T.G. and Rondinini, Carlo and Rhodes, Jonathan R. and Matesanz, Silvia and Gianoli, Ernesto and Valladares, Fernando and Mat{\'{i}}as, L. and McLaughlin, John F and Hellmann, Jessica J and Boggs, Carol L and Ehrlich, Paul R and Meril{\"{a}}, Juha and Hendry, Andrew P. and Morin, Xavier and Thuiller, Wilfried and Nicotra, Adrienne B. and Atkin, O. K. and Bonser, S. P. and Davidson, A. M. and Finnegan, E. J. and Mathesius, U. and Poot, P. and Purugganan, M. D. and Richards, C. L. and Valladares, Fernando and van Kleunen, Mark and Oliver, Tom H. and Morecroft, Mike D. and Pacifici, Michela and Foden, Wendy B and Visconti, Piero and Watson, James E M and Butchart, S.H.M. and Kovacs, K.M. and Scheffers, B.R. and Hole, D.G. and Martin, Tara G. T.G. and Ak{\c{c}}akaya, H.R. Resit and Corlett, Richard T. R.T. and Huntley, B. and Bickford, D. and Carr, J.a. and Hoffmann, A.a. Ary and Midgley, G.F. and P., Pearce-Kelly and Pearson, Richard G R.G. and Williams, Stephen and Willis, S.G. and Young, B. and Rondinini, Carlo and Peterson, A. Townsend and Pape{\c{s}}, M and Sober{\'{o}}n, Jorge and Pfeifer-Meister, Laurel and Bridgham, Scott D. and Little, Chelsea J. and Reynolds, Lorien L. and Goklany, Maya E. and Johnson, Bart R. and Phillips, Sharon J. B. and Aneja, Viney P. and Kang, Daiwen and Arya, S. Pal and Pisias, N G and Moore, T C and Rai, Prabhat Kumar and Rehfeldt, Gerald E and Tchebakova, Nadejda M and Parfenova, Yelena I and Wykoff, William R and Kuzmina, Nina a and Milyutin, Leonid I and Richardson, Andrew D. Anthony J. and Keenan, Trevor F. and Migliavacca, Mirco and Ryu, Youngryel and Sonnentag, Oliver and Toomey, Michael and Richter, Sarah and Kipfer, Tabea and Wohlgemuth, Thomas and Guerrero, Carlos Calderón and Ghazoul, Jaboury and Moser, Barbara and Rodr{\'{i}}guez-Correa, Hernando and Oyama, Ken and MacGregor-Fors, Ian and Gonz{\'{a}}lez-Rodr{\'{i}}guez, Antonio and Rowland, L. and Harper, A. and Christoffersen, B. O. and Galbraith, D. R. and Imbuzeiro, H. M A and Powell, T. L. and Doughty, C. and Levine, N. M. and Malhi, Y. and Saleska, S. R. and Moorcroft, P. R. and Meir, P. and Williams, M. and Schwartz, M W and Serra-Diaz, Josep M. and Franklin, Janet F and Sweet, Lynn C. and McCullough, Ian M. and Syphard, Alexandra D. and Regan, Helen M. and Flint, Lorraine E. and Flint, Alan L. and Dingman, John R. and Moritz, Max A. and Redmond, Kelly and Hannah, Lee and Davis, Frank W. and Sevanto, Sanna and Dickman, L. Turin and Sober{\'{o}}n, Jorge and Miller, Curtis P and Nakamura, Miguel and Thuiller, Wilfried and Lavorel, S. and Araujo, M. B. and Sykes, M. T. and Prentice, I. Colin and Tripathi, Ashutosh and Tripathi, Durgesh Kumar and Chauhan, D.K. and Kumar, Niraj and Singh, G.S. and Valladares, Fernando and Matesanz, Silvia and Guilhaumon, François and Ara{\'{u}}jo, Miguel B. and Balaguer, Luis and Benito-Garz{\'{o}}n, Marta and Cornwell, Will and Gianoli, Ernesto and van Kleunen, Mark and Naya, Daniel E. and Nicotra, Adrienne B. and Poorter, Hendrik and Zavala, Miguel A. and Van der Putten, Wim H. and Macel, M and Visser, M E and Vila, B and Vennetier, M and Ripert, C and Chandioux, O and Liang, E and Guibal, F and Torre, F and Wiens, John J. and Ackerly, David D. and Allen, Andrew P. and Anacker, Brian L. and Buckley, Lauren B. and Cornell, Howard V. and Damschen, Ellen I. and Jonathan Davies, T. and Grytnes, John Arvid and Harrison, Susan P. and Hawkins, Bradford A. and Holt, Robert D. and McCain, Christy M. and Stephens, Patrick R. and Williams, John W and Jackson, Stephen T. and Zhang, Haicheng and Yuan, Wenping and Liu, Shuguang and Dong, Wenjie and Zhu, Kai and Woodall, Christopher W. and Clark, James S.},
    number = {1},
    pages = {127--133},
    volume = {8},
    url = {http://dx.doi.org/10.1890/ES15-00223.1%5Cnhttp://www.annualreviews.org/doi/10.1146/annurev-ecolsys-110411-160423%5Cnhttp://linkinghub.elsevier.com/retrieve/pii/S0167880915300992%5Cnhttp://www.pnas.org/content/102/23/8245.short%5Cnhttp://www.pnas.org/conte},
    isbn = {1365-2486},
    doi = {10.1111/j.1752-4571.2007.00013.x},
    issn = {1461023X},
    pmid = {23721732},
    arxivId = {arXiv:1011.1669v3},
    keywords = {2015 a, 20th Century, 21st Century, ANUSPLIN, Abundance, Acclimation, Adaptation, Adaptation and mitigation, Adaptive evolution, Agricultural impacts, Altitude, Ammonia, Animal Migration, Animals, Assisted migration, Australia, Autumn senescence, Benthic ecology, Biodiversity, Biodiversity hotspots, Biogeography, Biological, Biome shifts, Bionomic, Biosphere-atmosphere interactions, Biota, Biotic interactions, Bryozoans, Budburst, Butterflies, Butterflies: physiology, CMAQ, California, Carbon cycle, Carbon cycling, Climate, Climate Change, Climate change, Climate change adaptation, Climate change vulnerability, Climate envelope models, Climate manipulation, Climate variability hypothesis, Climate warming, Climatic niche, Community assembly, Competition, Conservation, Conservation planning, Decomposition, Decoupling plant-soil interactions, Decreased fitness, Demography, Density dependence, Disease ecology, Distribution range, Distributional areas, Drought, Dry deposition, Dry edge, Dynamic global vegetation model, Ecological genetics, Ecological niche models, Ecology and Environment, Ecosystem, Elasticity, Elton, Environmental change, Environmental drivers, Error, European beech, Evolution, Extinction, Extinction risk, Flux, Food security, Food webs, Forest Inventory and Analysis, Fouling, Fragmentation, France, Functional traits, GIS, Gene flow, Genetic diversity, Genetics, Genotypic variation, Geographic Mapping, Geographical distribution, Geography, Global Warming, Global Warming: statistics {\&} numerical data, Global carbon cycle, Global change, Global warming, Grinnell, Growth, Habitat destruction, Habitat fragmentation, Habitat loss, History, Individual plasticity, Integrated effects, Interactions, Interpolation, Intraspecific variation, Invasive species, Land cover, Latitude, Life history, Life stages, Local adaptation, Matrix models, Mediterranean grassland, Migration, Mixed-grass prairie, Modelling, Models, National parks, Natural selection, Neotropical trees, Niche, Niche conservatism, Nitrogen, No-analogue climates, Nutrient cycling, Pacific Northwest, Phenology, Phenotypic plasticity, Phylogeny, Plant populations, Plant-soil (below-ground) interactions, Plants, Population Dynamics, Population differentiation, Population model, Prairie, Precipitation, Presence/absence, Prioritization, Protected areas, Provenance, Psychological, Quercus, Range expansion, Range shift, Recruitment, Scenopoetic, Scots pine, Seasonality, Seawater, Seedling, Sensitivity, Sessile oak, Short-lived perennial, Soil heating, Soil organisms, Spatial scaling, Species distribution model, Species extinctions, Species loss, Species richness, Spring onset, Stochastic demography, Summer drought, Temperature, Temperature sensitivity, Theoretical, Time Factors, Tree migration, Tree regeneration, Trees, Trees: growth {\&} development, Tunicates, USA, Uncertainty, Vegetation shifts, Vulnerability, Warming, Western United States, Wet deposition, abnormal, accepted 15 february 2002, access article distributed under, adaptation, adaptive, biodiversity, biogeography, cambio clim{\'{a}}tico, climate change, climate response functions, climate warming, climate warming climate envelope aboveground-below, climate-change impacts, climatic, community dynamics, conifer, constraints, correlational models, deforestation, distribution, distribution models, disturbance regimes, diversity, drought tolerance, ecological genetics, ecological niche, economics, emission scenarios, environmental skeptics and critics, evolution, extinction, extinction risk, extreme temperatures globally and, fecundity, fire tolerance, fitness, flowering, forest, forest management, forest sector, forestry, fourth national communication, fuels has ushered in, fundamental ecological niche, garp, gene flow, genetic responses to climate, genomics, geographic distribution, geographic range, germination, gis, global change, global warming, holocene, interacciones bi{\'{o}}ticas, interactions, interspecific variation, intraspecific variation in trait, invasive plants, invasiveness, land-use, leaf falling date, leaf phenology, leaf unfolding date, license, livelihood, macroecology, macrosystems, manipulation, mechanistic models, meta-analysis, microevolution, migration, migration ability, model, modeling, modern reliance on fossil, multitrophic, natural selection, niche, no-analog communities, novel environment, phenotypic plasticity, plant-climate interactions, population, population viability analysis, predicting responses to change, process-based modeling, process-based models, reas de distribucio, received 20 september 2001, remote sensing, revised version received and, savanna, selection, sequ{\'{i}}a, simulation model, spatial variation, species, species distribution, species distributions, temperatura, the creative commons attribution-noncommercial-nod, this is an open, townsend peterson et al, tree migration, treeless vegetation, uncertainty, vegetation transitions, vulnerability assessment}
}

@article{Funk2002,
    title = {{Systematic data in biodiversity studies: use it or lose it}},
    year = {2002},
    journal = {Systematic Biology},
    author = {Funk, Vicki A and Richardson, K S},
    number = {2},
    pages = {303--316},
    volume = {51},
    url = {http://sysbio.oxfordjournals.org/content/51/2/303.short%5Cnpapers3://publication/uuid/5ECB0C68-C692-46AC-94F6-2F785A4D6793}
}

@article{Ferrier2002,
    title = {{Mapping Spatial Pattern in Biodiversity for Regional Conservation Planning : Where to from Here ? Mapping Spatial Pattern in Biodiversity for Regional Conservation Planning : Where to from Here ?}},
    year = {2002},
    author = {Ferrier, Simon},
    number = {2},
    pages = {331--363},
    volume = {51},
    isbn = {1063-5157},
    doi = {10.1080/10635150252899806},
    issn = {1063-5157},
    pmid = {12028736}
}

@article{Masuda2017,
    title = {{Random walks and diffusion on networks}},
    year = {2017},
    journal = {Physics Reports},
    author = {Masuda, Naoki and Porter, Mason A. and Lambiotte, Renaud},
    pages = {1--58},
    volume = {716-717},
    publisher = {Elsevier B.V.},
    url = {http://dx.doi.org/10.1016/j.physrep.2017.07.007},
    doi = {10.1016/j.physrep.2017.07.007},
    issn = {03701573},
    arxivId = {1612.03281},
    keywords = {Diffusion, Markov chain, Network, Point process, Random walk}
}

@book{Haripersaud2009,
    title = {{Collecting biodiversity}},
    year = {2009},
    author = {Haripersaud, P.P. P.},
    pages = {144},
    url = {https://dspace.library.uu.nl/handle/1874/35848#.WMqyNXjSY7w.mendeley&title=Collecting biodiversity},
    isbn = {9789039351055}
}

@article{Gomes2018,
    title = {{Species Distribution Modelling: Contrasting presence-only models with plot abundance data}},
    year = {2018},
    journal = {Scientific Reports},
    author = {Gomes, Vitor H. F. and IJff, Stéphanie D. and Raes, Niels and Amaral, Iêda Leão and Salom{\~{a}}o, Rafael P. and de Souza Coelho, Luiz and de Almeida Matos, Francisca Dionízia and Castilho, Carolina V. and de Andrade Lima Filho, Diogenes and L{\'{o}}pez, Dairon Cárdenas and Guevara, Juan Ernesto and Magnusson, William E. and Phillips, Oliver L. and Wittmann, Florian and de Jesus Veiga Carim, Marcelo and Martins, Maria Pires and Irume, Mariana Victória and Sabatier, Daniel and Molino, Jean-François and B{\'{a}}nki, Olaf S. and da Silva Guimar{\~{a}}es, José Renan and Pitman, Nigel C. A. and Piedade, Maria Teresa Fernandez and Mendoza, Abel Monteagudo and Luize, Bruno Garcia and Venticinque, Eduardo Martins and de Le{\~{a}}o Novo, Evlyn Márcia Moraes and Vargas, Percy Núñez and Silva, Thiago Sanna Freire and Manzatto, Angelo Gilberto and Terborgh, John and Reis, Neidiane Farias Costa and Montero, Juan Carlos and Casula, Katia Regina and Marimon, Beatriz S. and Marimon, Ben-Hur and Coronado, Euridice N. Honorio and Feldpausch, Ted R. and Duque, Alvaro and Zartman, Charles Eugene and Arboleda, Nicolás Castaño and Killeen, Timothy J. and Mostacedo, Bonifacio and Vasquez, Rodolfo and Sch{\"{o}}ngart, Jochen and Assis, Rafael L. and Medeiros, Marcelo Brilhante and Simon, Marcelo Fragomeni and Andrade, Ana and Laurance, William F. and Camargo, José Luís and Demarchi, Layon O. and Laurance, Susan G. W. and de Sousa Farias, Emanuelle and Nascimento, Henrique Eduardo Mendonça and Revilla, Juan David Cardenas and Quaresma, Adriano and Costa, Flavia R. C. and Vieira, Ima Célia Guimarães and Cintra, Bruno Barçante Ladvocat and Castellanos, Hernán and Brienen, Roel and Stevenson, Pablo R. and Feitosa, Yuri and Duivenvoorden, Joost F. and Aymard C., Gerardo A. and Mogoll{\'{o}}n, Hugo F. and Targhetta, Natalia and Comiskey, James A. and Vicentini, Alberto and Lopes, Aline and Damasco, Gabriel and D{\'{a}}vila, Nállarett and Garc{\'{i}}a-Villacorta, Roosevelt and Levis, Carolina and Schietti, Juliana and Souza, Priscila and Emilio, Thaise and Alonso, Alfonso and Neill, David and Dallmeier, Francisco and Ferreira, Leandro Valle and Araujo-Murakami, Alejandro and Praia, Daniel and do Amaral, Dário Dantas and Carvalho, Fernanda Antunes and de Souza, Fernanda Coelho and Feeley, Kenneth and Arroyo, Luzmila and Pansonato, Marcelo Petratti and Gribel, Rogerio and Villa, Boris and Licona, Juan Carlos and Fine, Paul V. A. and Cer{\'{o}}n, Carlos and Baraloto, Chris and Jimenez, Eliana M. and Stropp, Juliana and Engel, Julien and Silveira, Marcos and Mora, Maria Cristina Peñuela and Petronelli, Pascal and Maas, Paul and Thomas-Caesar, Raquel and Henkel, Terry W. and Daly, Doug and Paredes, Marcos Ríos and Baker, Tim R. and Fuentes, Alfredo and Peres, Carlos A. and Chave, Jerome and Pena, Jose Luis Marcelo and Dexter, Kyle G. and Silman, Miles R. and J{\o}rgensen, Peter Møller and Pennington, Toby and Di Fiore, Anthony and Valverde, Fernando Cornejo and Phillips, Juan Fernando and Rivas-Torres, Gonzalo and von Hildebrand, Patricio and van Andel, Tinde R. and Ruschel, Ademir R. and Prieto, Adriana and Rudas, Agustín and Hoffman, Bruce and Vela, César I. A. and Barbosa, Edelcilio Marques and Zent, Egleé L. and Gonzales, George Pepe Gallardo and Doza, Hilda Paulette Dávila and de Andrade Miranda, Ires Paula and Guillaumet, Jean-Louis and Pinto, Linder Felipe Mozombite and de Matos Bonates, Luiz Carlos and Silva, Natalino and G{\'{o}}mez, Ricardo Zárate and Zent, Stanford and Gonzales, Therany and Vos, Vincent A. and Malhi, Yadvinder and Oliveira, Alexandre A. and Cano, Angela and Albuquerque, Bianca Weiss and Vriesendorp, Corine and Correa, Diego Felipe and Torre, Emilio Vilanova and van der Heijden, Geertje and Ramirez-Angulo, Hirma and Ramos, José Ferreira and Young, Kenneth R. and Rocha, Maira and Nascimento, Marcelo Trindade and Medina, Maria Natalia Umaña and Tirado, Milton and Wang, Ophelia and Sierra, Rodrigo and Torres-Lezama, Armando and Mendoza, Casimiro and Ferreira, Cid and Baider, Cláudia and Villarroel, Daniel and Balslev, Henrik and Mesones, Italo and Giraldo, Ligia Estela Urrego and Casas, Luisa Fernanda and Reategui, Manuel Augusto Ahuite and Linares-Palomino, Reynaldo and Zagt, Roderick and C{\'{a}}rdenas, Sasha and Farfan-Rios, William and Sampaio, Adeilza Felipe and Pauletto, Daniela and Sandoval, Elvis H. Valderrama and Arevalo, Freddy Ramirez and Huamantupa-Chuquimaco, Isau and Garcia-Cabrera, Karina and Hernandez, Lionel and Gamarra, Luis Valenzuela and Alexiades, Miguel N. and Pansini, Susamar and Cuenca, Walter Palacios and Milliken, William and Ricardo, Joana and Lopez-Gonzalez, Gabriela and Pos, Edwin and ter Steege, Hans},
    number = {1},
    pages = {1003},
    volume = {8},
    url = {http://www.nature.com/articles/s41598-017-18927-1},
    doi = {10.1038/s41598-017-18927-1},
    issn = {2045-2322}
}

@article{Costa,
    title = {{A Multilayer and Time-varying Structural Analysis of the Brazilian Air Transportation Network}},
    author = {Costa, Bernardo and Wehmuth, Klaus and Ziviani, Artur},
    pages = {1--22},
    arxivId = {arXiv:1709.03360v1}
}

@article{Albert2002,
    title = {{Statistical mechanics of complex networks}},
    year = {2002},
    journal = {Reviews of Modern Physics},
    author = {Albert, Réka and Barab{\'{a}}si, Albert-László},
    number = {1},
    pages = {47--97},
    volume = {74},
    url = {http://dx.doi.org/10.1103/RevModPhys.74.47%5Cnpapers2://publication/doi/10.1103/RevModPhys.74.47%5Cnhttp://stacks.iop.org/1478-3975/1/i=3/a=006?key=crossref.7e041937ef77358d60afe44f40925c5b%5Cnhttp://link.aps.org/doi/10.1103/RevModPhys.74.47},
    isbn = {0034-6861},
    doi = {10.1103/RevModPhys.74.47},
    issn = {0034-6861},
    pmid = {16204838},
    arxivId = {arXiv:cond-mat/0106096v1},
    archivePrefix = {arXiv},
    eprint = {0106096v1},
    primaryClass = {cond-mat},
    keywords = {Complexity, Introduction, Network}
}

@article{Albert-Laszlo2012,
    title = {{Network Science}},
    year = {2012},
    author = {Albert-L{\'{a}}szl{\'{o}}, Barabási},
    pages = {537--607},
    url = {http://networksciencebook.com},
    isbn = {9781107076266}
}

@article{Barabasi2009,
    title = {{Scale-free networks: A decade and beyond}},
    year = {2009},
    journal = {Science},
    author = {Barab{\'{a}}si, Albert-László},
    number = {5939},
    pages = {412--413},
    volume = {325},
    isbn = {1095-9203 (Electronic){\textbackslash}n0036-8075 (Linking)},
    doi = {10.1126/science.1173299},
    issn = {00368075},
    pmid = {19628854},
    arxivId = {0803973233}
}

@incollection{Borgatti2015,
    title = {{Analyzing Affiliation Networks}},
    year = {2015},
    booktitle = {The Sage Handbook of Social Network Analysis},
    author = {Borgatti, Stephen P. and Halgin, Daniel S.},
    pages = {417--433},
    isbn = {9781452258225}
}

@article{Zhang2017,
    title = {{Deep Learning based Recommender System: A Survey and New Perspectives}},
    year = {2017},
    author = {Zhang, Shuai and Yao, Lina and Sun, Aixin},
    number = {1},
    pages = {1--35},
    volume = {1},
    url = {http://arxiv.org/abs/1707.07435},
    isbn = {9781450335492},
    doi = {10.1145/nnnnnnn.nnnnnnn},
    issn = {15232867},
    pmid = {397311},
    arxivId = {1707.07435}
}

@article{Franz2018,
    title = {{To increase trust, change the social design behind aggregated biodiversity data}},
    year = {2018},
    journal = {Database},
    author = {Franz, Nico M and Sterner, Beckett W},
    number = {January},
    pages = {1--12},
    url = {http://fdslive.oup.com/www.oup.com/pdf/production_in_progress.pdf},
    doi = {10.1093/database/bax102},
    issn = {1758-0463}
}

@article{Peterson2015,
    title = {{A global perspective on decadal challenges and priorities in biodiversity informatics}},
    year = {2015},
    journal = {BMC Ecology},
    author = {Peterson, A. Townsend and Sober{\'{o}}n, Jorge and Krishtalka, Leonard},
    number = {1},
    pages = {1--9},
    volume = {15},
    publisher = {BioMed Central},
    isbn = {1472-6785},
    doi = {10.1186/s12898-015-0046-8},
    issn = {14726785},
    pmid = {26022532},
    keywords = {Biodiversity informatics, Capacity-building, Data, Infrastructure, Training}
}

@article{Peterson2012,
    title = {{Species Distribution Modeling and Ecological Niche Modeling: Getting the Concepts Right}},
    year = {2012},
    journal = {Natureza {\&} Conservacao},
    author = {Peterson, A. Townsend and Soberon, J},
    number = {2},
    pages = {102--107},
    volume = {10},
    isbn = {16790073},
    doi = {10.4322/natcon.2012.019},
    issn = {1679-0073},
    keywords = {Biogeography, Geographic Range, Macroecology, Niche, Species Distributions, area, conservatism, decomposition, dispersal, divergence, evolution, population, range, space, time}
}

@article{kesten,
    title = {{What is Percolation?}},
    year = {2006},
    journal = {Notices of the AMS},
    author = {Kesten, Harry},
    doi = {10.1007/s00220-006-0086-1},
    issn = {00103616},
    arxivId = {math/0504036}
}

@article{Newman2003c,
    title = {{Mixing patterns in networks}},
    year = {2003},
    journal = {Physical Review E - Statistical Physics, Plasmas, Fluids, and Related Interdisciplinary Topics},
    author = {Newman, M. E. J.},
    number = {2},
    pages = {13},
    volume = {67},
    isbn = {1539-3755},
    doi = {10.1103/PhysRevE.67.026126},
    issn = {1063651X},
    pmid = {12636767},
    arxivId = {cond-mat/0209450}
}

@article{Newman2001b,
    title = {{Scientific collaboration networks. I. Network construction and fundamental results}},
    year = {2001},
    journal = {Physical Review E},
    author = {Newman, M. E. J.},
    number = {1},
    pages = {016131},
    volume = {64},
    url = {https://link.aps.org/doi/10.1103/PhysRevE.64.016131},
    isbn = {1063-651X},
    doi = {10.1103/PhysRevE.64.016131},
    issn = {1063-651X},
    pmid = {11461355}
}

@article{Newman2003d,
    title = {{Why social networks are different from other types of networks}},
    year = {2003},
    journal = {Physical Review E},
    author = {Newman, M. E. J. and Park, Juyong},
    pages = {1--8},
    url = {http://arxiv.org/abs/cond-mat/0305612%0Ahttp://dx.doi.org/10.1103/PhysRevE.68.036122},
    isbn = {1063-651X},
    doi = {10.1103/PhysRevE.68.036122},
    issn = {1063-651X},
    arxivId = {cond-mat/0305612}
}

@article{Newman2002,
    title = {{Assortative Mixing in Networks}},
    year = {2002},
    journal = {Physical Review Letters},
    author = {Newman, M. E. J.},
    number = {20},
    pages = {1--4},
    volume = {89},
    isbn = {0031-9007 (Print){\textbackslash}n0031-9007 (Linking)},
    doi = {10.1103/PhysRevLett.89.208701},
    issn = {10797114},
    pmid = {12443515},
    arxivId = {cond-mat/0205405}
}

@article{Kossinets2006,
    title = {{Effects of missing data in social networks}},
    year = {2006},
    journal = {Social Networks},
    author = {Kossinets, Gueorgi},
    number = {3},
    pages = {247--268},
    volume = {28},
    isbn = {0378-8733},
    doi = {10.1016/j.socnet.2005.07.002},
    issn = {03788733},
    pmid = {776},
    arxivId = {cond-mat/0306335},
    keywords = {Bipartite graphs, Collaboration networks, Graph theory, Missing data, Sensitivity analysis}
}

@article{Hirschman2016a,
    title = {{Crowdsourcing and curation: perspectives from biology and natural language processing}},
    year = {2016},
    journal = {Database},
    author = {Hirschman, Lynette and Fort, Karën and Bou{\'{e}}, Stéphanie and Kyrpides, Nikos and Islamaj Do{\u{g}}an, Rezarta and Cohen, Kevin Bretonnel},
    isbn = {17580463 (Electronic)},
    doi = {10.1093/database/baw115},
    issn = {1758-0463},
    pmid = {27504010}
}

@article{Wickham2010,
    title = {{Tidy Data}},
    year = {2010},
    journal = {Journal Of Statistical Software},
    author = {Wickham, Hadley},
    number = {12},
    pages = {1--15},
    volume = {35},
    isbn = {9781584886822},
    doi = {10.18637/jss.v068.c02},
    keywords = {R, data cleaning, data tidying, relational databases}
}

@article{Cooper2007a,
    title = {{Citizen science as a tool for conservation in residential ecosystems}},
    year = {2007},
    journal = {Ecology and Society},
    author = {Cooper, Caren B. and Dickinson, Janis and Phillips, Tinas and Bonney, Rick},
    number = {2},
    volume = {12},
    url = {https://dlc.dlib.indiana.edu/dlc/bitstream/handle/10535/2968/ES-2007-2197.pdf?sequence=1&isAllowed=y},
    keywords = {Citizen science, Cumulative effects, Residential landscapes, Urban ecology}
}

@article{Bearman2004,
    title = {{Chains of Affection: The Structure of Adolescent Romantic and Sexual Networks}},
    year = {2004},
    journal = {American Journal of Sociology},
    author = {Bearman, P. S. and Moody, J. and Stovel, K.},
    number = {1},
    pages = {44--91},
    volume = {110},
    doi = {https://doi.org/10.1086/386272}
}

@article{Veech2013,
    title = {{A probabilistic model for analysing species co-occurrence}},
    year = {2013},
    journal = {Global Ecology and Biogeography},
    author = {Veech, Joseph A.},
    editor = {Peres-Neto, Pedro},
    number = {2},
    month = {2},
    pages = {252--260},
    volume = {22},
    url = {http://doi.wiley.com/10.1111/j.1466-8238.2012.00789.x},
    isbn = {1466-8238},
    doi = {10.1111/j.1466-8238.2012.00789.x},
    issn = {1466822X},
    keywords = {Biogeography, combinatorics, community assembly, distribution, nestedness, null model, probability}
}

@article{Dickinson2010a,
    title = {{Citizen Science as an Ecological Research Tool: Challenges and Benefits}},
    year = {2010},
    journal = {Annual Review of Ecology, Evolution, and Systematics},
    author = {Dickinson, Janis L. and Zuckerberg, Benjamin and Bonter, David N.},
    number = {1},
    pages = {149--172},
    volume = {41},
    url = {http://www.annualreviews.org/doi/10.1146/annurev-ecolsys-102209-144636},
    isbn = {1543-592X 978-0-8243-1441-5},
    doi = {10.1146/annurev-ecolsys-102209-144636},
    issn = {1543-592X},
    keywords = {biodiversity, climate change, crowdsourcing, ecology, fragmentation, geographical, habitat loss, invasive species, macroecology, monitoring, observer, population ecology, quality, sampling bias, sampling error, spatial ecology}
}

@article{Broido2018,
    title = {{Scale-free networks are rare}},
    year = {2018},
    author = {Broido, Anna D. and Clauset, Aaron},
    pages = {26--28},
    url = {http://arxiv.org/abs/1801.03400},
    arxivId = {1801.03400}
}

@article{Jacomy2014,
    title = {{ForceAtlas2, a continuous graph layout algorithm for handy network visualization designed for the Gephi software}},
    year = {2014},
    journal = {PLoS ONE},
    author = {Jacomy, Mathieu and Venturini, Tommaso and Heymann, Sebastien and Bastian, Mathieu},
    number = {6},
    pages = {1--12},
    volume = {9},
    isbn = {10.1371/journal.pone.0098679},
    doi = {10.1371/journal.pone.0098679},
    issn = {19326203},
    pmid = {24914678},
    arxivId = {arXiv:1209.0748v1}
}

@article{Blondel2008,
    title = {{Fast unfolding of communities in large networks}},
    year = {2008},
    journal = {Journal of Statistical Mechanics: Theory and Experiment},
    author = {Blondel, Vincent D. and Guillaume, Jean Loup and Lambiotte, Renaud and Lefebvre, Etienne},
    number = {10},
    volume = {2008},
    isbn = {1742-5468},
    doi = {10.1088/1742-5468/2008/10/P10008},
    issn = {17425468},
    pmid = {260529900010},
    arxivId = {0803.0476},
    keywords = {Networks, New applications of statistical mechanics, Random graphs}
}

@book{Ride1999,
    title = {{International Code of Zoological Nomenclature}},
    year = {1999},
    author = {Ride, W.D.L. and Cogger, H.G. and Dupuis, C. and Kraus, O. and Minelli, A. and Thompson, F. C. and Tubbs, P.K.},
    publisher = {International Commission on Zoological Nomenclature},
    url = {http://www.iczn.org/iczn/index.jsp},
    isbn = {0 85301 006 4}
}

@book{McNeill2012,
    title = {{International code of nomenclature for algae, fungi and plants (Melbourne code) : adopted by the Eighteenth International Botanical Congress Melbourne, Australia, July 2011}},
    year = {2012},
    author = {McNeill, John},
    editor = {{International Association for Plant Taxonomy.}},
    pages = {208},
    publisher = {Koeltz Scientific Books},
    url = {http://www.iapt-taxon.org/nomen/main.php},
    isbn = {9783874294256}
}

@article{VanGemerden2005,
    title = {{Reconciling methodologically different biodiversity assessments}},
    year = {2005},
    journal = {Ecological Applications},
    author = {Van Gemerden, Barend S. and Etienne, Rampal S. and Olff, Han and Hommel, Patrick W.F.M. and Van Langevelde, Frank},
    number = {5},
    pages = {1747--1760},
    volume = {15},
    isbn = {1051-0761},
    doi = {10.1890/04-1791},
    issn = {10510761},
    keywords = {Biodiversity assessments, Cameroon, Conservation priorities, Endemics, Plants, Species richness, Species-area relations, Tropical forests}
}

@article{Balcan2009,
    title = {{Multiscale mobility networks and the spatial spreading of infectious diseases.}},
    year = {2009},
    journal = {Proceedings of the National Academy of Sciences of the United States of America},
    author = {Balcan, Duygu and Colizza, Vittoria and Gon{\c{c}}alves, Bruno and Hu, Hao and Ramasco, José J and Vespignani, Alessandro},
    number = {51},
    month = {12},
    pages = {21484--9},
    volume = {106},
    publisher = {National Academy of Sciences},
    url = {https://www.ncbi.nlm.nih.gov/pmc/articles/PMC2793313/ http://www.ncbi.nlm.nih.gov/pubmed/20018697 http://www.pubmedcentral.nih.gov/articlerender.fcgi?artid=PMC2793313},
    doi = {10.1073/pnas.0906910106},
    issn = {1091-6490},
    pmid = {20018697}
}

@article{HO2016,
    title = {{Predicting arboviral disease emergence using Bayesian networks: a case study of dengue virus in Western Australia}},
    year = {2016},
    journal = {Epidemiology and Infection},
    author = {HO, Soon Hoe and Speldewinde, Peter and COOK, Angus and Tatem, A. J. and Hay, Simon I. and Rogers, D. J. and Pfeffer, Martin and Dobler, Gerhard and KILPATRICK, A. MARM and DASZAK, PETER and GOODMAN, SIMON J. and ROGG, HELMUTH and KRAMER, LAURA D. and CEDE{\~{N}}O, VIRNA and CUNNINGHAM, ANDREW L A. and Beebe, Nigel W. and Cooper, Robert D. and Mottram, Pipi and Sweeney, Anthony W. and Whelan, Peter and Nguyen, Huy and Hajkowicz, Krispin and Davis, Joe Josh and Smith, David and Pyke, Alyssa and Krause, Vicki and Markey, Peter and HO, Soon Hoe and Speldewinde, Peter and COOK, Angus and Ayre, Kimberley Kolb and Caldwell, Colleen A. and Stinson, Jonah and Landis, Wayne G. and Liu, Kevin Fong-Rey and Lu, Che-Fan and Chen, Cheng-Wu and Shen, Yung-Shuen and Nyberg, J Brian and Marcot, Bruce G and Sulyma, Randy and McCann, Robert K and Marcot, Bruce G and Ellis, Rick and Uusitalo, Laura and Kraemer, Moritz U. G. and Sinka, Marianne E. and Duda, Kirsten A. and Mylne, Adrian and Shearer, Freya M. and Brady, Oliver J. and Messina, Jane P. and Barker, Christopher M. and Moore, Chester G. and Carvalho, Roberta G. and Coelho, Giovanini E. and Van Bortel, Wim and Hendrickx, Guy and Schaffner, Francis and Wint, G. R. William and Elyazar, Iqbal R. F. and Teng, Hwa-Jen and Hay, Simon I. and Gubler, Duane J. and Marcot, Bruce G and Steventon, J Douglas and Sutherland, Glenn D and McCann, Robert K and Tjaden, Nils Benjamin and Thomas, Stephanie Margarete and Fischer, Dominik and Beierkuhnlein, Carl and Azil, Aishah H. and Long, Sharron A. and Ritchie, Scott A. and Williams, Craig R. and Duncombe, Jennifer and Clements, Archie and Davis, Joe Josh and Hu, Wenbiao and Weinstein, Philip and Ritchie, Scott A. and Mackenzie, J. S. and La Brooy, J. T. and Hueston, L. and CUNNINGHAM, ANDREW L A. and Lindsay, Michael D. A. and Jardine, Andrew and Giele, Carolien and Armstrong, Paul and McCarthy, Suzi and Whittle, Amanda and Pal, Naru and Lyttle, Heather and Harrington, Sue and Nicholson, Jay and Smith, David and Levine, Jonathan M. and {D{\&}{\#}39} and Lockwood, Julie L. and Cassey, Phillip and Blackburn, Tim},
    number = {16},
    month = {9},
    pages = {1--13},
    volume = {103},
    publisher = {Cambridge University Press},
    url = {https://www.cambridge.org/core/journals/epidemiology-and-infection/article/predicting-arboviral-disease-emergence-using-bayesian-networks-a-case-study-of-dengue-virus-in-western-australia/8918647AB6071C44722DE4FB820808AA/core-reader},
    doi = {10.1017/S0950268816002090}
}

@article{Fan2007,
    title = {{The effect of weight on community structure of networks}},
    year = {2007},
    journal = {Physica A: Statistical Mechanics and its Applications},
    author = {Fan, Ying and Li, Menghui and Zhang, Peng and Wu, Jinshan and Di, Zengru},
    number = {2},
    pages = {583--590},
    volume = {378},
    isbn = {0378-4371},
    doi = {10.1016/j.physa.2006.12.021},
    issn = {03784371},
    arxivId = {arXiv:physics/0609218v1},
    archivePrefix = {arXiv},
    eprint = {0609218v1},
    primaryClass = {physics},
    keywords = {Community structure, Role of link weight, Weighted network}
}

@article{Rossetti2017,
    title = {{Community Discovery in Dynamic Networks: a Survey}},
    year = {2017},
    author = {Rossetti, Giulio and Cazabet, Rémy},
    number = {2},
    pages = {1--37},
    volume = {51},
    url = {http://arxiv.org/abs/1707.03186},
    doi = {10.1145/3172867},
    issn = {03600300},
    arxivId = {1707.03186}
}

@article{Newman2001c,
    title = {{Random graphs with arbitrary degree distributions and their applications}},
    year = {2001},
    journal = {Physical Review E - Statistical Physics, Plasmas, Fluids, and Related Interdisciplinary Topics},
    author = {Newman, M. E. J. and Strogatz, S. H. and Watts, D. J.},
    number = {2},
    pages = {17},
    volume = {64},
    isbn = {1539-3755 (Print){\textbackslash}r1539-3755 (Linking)},
    doi = {10.1103/PhysRevE.64.026118},
    issn = {1063651X},
    pmid = {11497662},
    arxivId = {cond-mat/0007235}
}

@article{Watts1998,
    title = {{Collectivedynamics of 'small-world' networks}},
    year = {1998},
    journal = {Nature},
    author = {Watts, Duncan J. and Strogatz, Steven H.},
    number = {6684},
    pages = {440--442},
    volume = {393},
    url = {http://www.nature.com/nature/journal/v393/n6684/abs/393440a0.html%5Cnhttp://www.nature.com/nature/journal/v393/n6684/pdf/393440a0.pdf%5Cnhttp://www.nature.com/doifinder/10.1038/30918},
    isbn = {0028-0836},
    doi = {10.1038/30918},
    issn = {00280836},
    pmid = {9623998},
    arxivId = {0803.0939v1}
}

@article{Lu2013,
    title = {{Theory and Applications of Complex Networks: Advances and Challenges}},
    year = {2013},
    journal = {2013 Ieee International Symposium on Circuits and Systems (Iscas)},
    author = {Lu, J H and Chen, G R and Ogorzalek, M J and Trajkovic, L},
    pages = {2291--2294},
    isbn = {0271-4302},
    keywords = {dynamical network, internet topologies, pinning control, power laws, spatiotemporal chaos, structural controllability, synchronization, systems}
}

@article{Albert1999,
    title = {{Diameter of the world-wide web}},
    year = {1999},
    journal = {Nature},
    author = {Albert, Réka and Jeong, Hawoong and Barab{\'{a}}si, Albert-László},
    number = {6749},
    pages = {130--131},
    volume = {401},
    isbn = {0028-0836},
    doi = {10.1038/43601},
    issn = {00280836},
    pmid = {17904818},
    arxivId = {cond-mat/9907038v2}
}

@article{Milgram1969,
    title = {{An Experimental Study of the Small World Problem}},
    year = {1969},
    journal = {Sociometry},
    author = {Milgram, Jeffrey Travers},
    number = {4},
    pages = {425 - 443},
    volume = {32},
    url = {http://www.jstor.org/stable/2786545}
}

@article{Newman2010b,
    title = {{Networks: An Introduction}},
    year = {2010},
    journal = {Networks: An Introduction},
    author = {Newman, M. E. J.},
    pages = {1--784},
    isbn = {9780191594175},
    doi = {10.1093/acprof:oso/9780199206650.001.0001},
    issn = {1578-1275},
    pmid = {16092291},
    arxivId = {1212.2425},
    keywords = {Biological Networks, Computer Algorithms, Computer Networks, Generative Models, Graph Theory, Internet, Network Data, Random Graph Models, Social Networks, Spectral Methods}
}

@book{Saad2003,
    title = {{Iterative Methods for Sparse Linear Systems}},
    year = {2003},
    booktitle = {Society for Industrial and Applied Mathematics},
    author = {Saad, Yousef},
    number = {2nd Edition},
    pages = {xviii+528},
    publisher = {Society for Industrial and Applied Mathematics (SIAM, 3600 Market Street, Floor 6, Philadelphia, PA 19104)},
    url = {https://books.google.com.br/books?hl=en&lr=&id=h9nwszYPblEC&oi=fnd&pg=PR2&dq=Y.+Saad.+Iterative+Methods+for+Sparse+Linear+Systems.+SIAM,+Philadelpha,+PA,+second+edition,+2003.&ots=PW-5J5HULQ&sig=OkEGCLNVXQhSqu35RZjYLm2HO_o#v=onepage&q&f=false},
    isbn = {0898715342},
    doi = {10.2113/gsjfr.6.1.30},
    issn = {1570579X},
    pmid = {15237199},
    arxivId = {0806.3802}
}

@book{Barabasibook,
    title = {{Network Science}},
    year = {2016},
    author = {Barab{\'{a}}si, Albert László},
    pages = {475},
    publisher = {Cambridge University Press},
    url = {http://networksciencebook.com/},
    isbn = {1107076269}
}

@article{erdos1959random,
    title = {{On random graphs, I}},
    year = {1959},
    journal = {Publicationes Mathematicae (Debrecen)},
    author = {Erdos, Paul; and R{\'{e}}nyi, Alfred;},
    pages = {290--297},
    volume = {6}
}

@misc{Pastor-Satorras2015,
    title = {{Epidemic Processes in Complex Networks}},
    year = {2015},
    author = {Pastor-Satorras, Romualdo and Castellano, Claudio and Mieghem, Piet Van and Vespignani, Alessandro},
    url = {http://arxiv.org/pdf/1408.2701v2.pdf}
}

@misc{Talbert2013a,
    title = {{Data management challenges in species distribution modeling}},
    year = {2013},
    booktitle = {Bulletin of the IEEE Computer Society Technical Committee on Data Engineering},
    author = {Talbert, Colin and Talbert, Marian and Morisette, Jeff and Koop, David},
    number = {4},
    pages = {31--40},
    volume = {36},
    url = {http://sites.computer.org/debull/A13dec/p31.pdf}
}

@article{Ings2009,
    title = {{Ecological networks - Beyond food webs}},
    year = {2009},
    journal = {Journal of Animal Ecology},
    author = {Ings, Thomas C. and Montoya, José M. and Bascompte, Jordi and Bl{\"{u}}thgen, Nico and Brown, Lee and Dormann, Carsten F. and Edwards, François and Figueroa, David and Jacob, Ute and Jones, J. Iwan and Lauridsen, Rasmus B. and Ledger, Mark E. and Lewis, Hannah M. and Olesen, Jens M. and Van Veen, F. J.Frank and Warren, Phil H. and Woodward, Guy},
    number = {1},
    pages = {253--269},
    volume = {78},
    isbn = {0021-8790},
    doi = {10.1111/j.1365-2656.2008.01460.x},
    issn = {00218790},
    pmid = {19120606},
    keywords = {Ecological stoichiometry, Foraging theory, Host-parasitoid interactions, Metabolic theory of ecology, Mutualistic networks}
}

@article{odum1956primary,
    title = {{Primary Production in Flowing Waters}},
    year = {1956},
    journal = {Limnology and oceanography},
    author = {Odum, Howard T},
    number = {1},
    pages = {102--117},
    volume = {1}
}

@article{lindeman1942trophic,
    title = {{The trophic-dynamic aspect of ecology}},
    year = {1942},
    journal = {Ecology},
    author = {Lindeman, Raymond L},
    pages = {399--417},
    volume = {23}
}

@article{Pimm1991,
    title = {{Food Web Patterns and Their Consequences}},
    year = {1991},
    journal = {Nature},
    author = {Pimm, S L and Lawton, J H and Cohen, Joel E.},
    number = {6320},
    pages = {669--674},
    volume = {350},
    isbn = {0028-0836},
    doi = {10.1038/350669a0},
    issn = {00280836},
    pmid = {1834949}
}

@article{Newman2001d,
    title = {{The structure of scientific collaboration networks}},
    year = {2001},
    journal = {Proceedings of the National Academy of Sciences},
    author = {Newman, M. E. J.},
    number = {2},
    pages = {404--409},
    volume = {98},
    url = {http://www.pnas.org/cgi/doi/10.1073/pnas.98.2.404 http://www.pnas.org/content/98/2/404.abstract},
    isbn = {10.1073/pnas.98.2.404},
    doi = {10.1073/pnas.021544898},
    issn = {0027-8424},
    pmid = {11149952},
    arxivId = {cond-mat/0007214}
}

@article{Girvan2002,
    title = {{Community structure in social and biological networks}},
    year = {2002},
    journal = {Proceedings of the National Academy of Sciences},
    author = {Girvan, M. and Newman, M. E. J.},
    number = {12},
    pages = {7821--7826},
    volume = {99},
    url = {http://www.pnas.org/cgi/doi/10.1073/pnas.122653799},
    isbn = {0027-8424},
    doi = {10.1073/pnas.122653799},
    issn = {0027-8424},
    pmid = {12060727},
    arxivId = {cond-mat/0112110}
}

@incollection{faust2011animal,
    title = {{Animal social networks}},
    year = {2011},
    booktitle = {The SAGE handbook of social network analysis.},
    author = {Faust, Katherine},
    chapter = {11},
    pages = {148--66},
    publisher = {SAGE Publications},
    address = {London}
}

@article{Bonacich1987,
    title = {{Power and Centrality: A Family of Measures}},
    year = {1987},
    journal = {American Journal of Sociology},
    author = {Bonacich, Phillip},
    number = {5},
    pages = {1170--1182},
    volume = {92},
    url = {http://www.journals.uchicago.edu/doi/10.1086/228631},
    isbn = {00029602},
    doi = {10.1086/228631},
    issn = {0002-9602}
}

@article{Araujo2011a,
    title = {{Using species co-occurrence networks to assess the impacts of climate change}},
    year = {2011},
    journal = {Ecography},
    author = {Ara{\'{u}}jo, Miguel B. and Rozenfeld, Alejandro and Rahbek, Carsten and Marquet, Pablo A.},
    number = {March},
    month = {12},
    pages = {897--908},
    volume = {34},
    publisher = {Blackwell Publishing Ltd},
    url = {http://doi.wiley.com/10.1111/j.1600-0587.2011.06919.x},
    isbn = {0906-7590},
    doi = {10.1111/j.1600-0587.2011.06919.x},
    issn = {09067590}
}

@book{Davis1941a,
    title = {{Deep South: A social anthropological study of caste and class}},
    year = {1941},
    booktitle = {Deep South A Social Anthropological Study of Caste and Class},
    author = {Davis, Allison and Gardner, Burleigh Bradford and Gardner, Mary R.},
    pages = {557},
    publisher = {Univ of South Carolina Press},
    url = {http://books.google.com/books?id=Q3b9QTOgLFcC&pgis=1},
    isbn = {1570038155},
    pmid = {581999487},
    keywords = {CASTE, CLASS, DEEP SOUTH, GENERAL SOCIAL PROCESSES  (INCL. ESTHETICS), ITALY, NEGRO, SOCIAL, SOUTH, U.S.}
}

@article{gbif_ubdataset,
    title = {{UB - Herb{\'{a}}rio da Universidade de Bras{\'{i}}lia.}},
    year = {2018},
    journal = {Version 1.35. Universidade de Bras{\'{i}}lia. Occurrence Dataset. https://doi.org/10.15468/caq5no accessed via GBIF.org on 2018-03-16},
    author = {Munhoz, Cássia Beatriz Rodrigues and C{\^{a}}mara, Paulo Eduardo Aguiar Saraiva and Souza, Maria das Graças Machado and Proen{\c{c}}a, Carolyn Elinore Barnes},
    url = {https://doi.org/10.15468/caq5no}
}

@article{gbif,
    title = {{What is GBIF?}},
    year = {2018},
    journal = {The Global Biodiversity Information Facility},
    author = {{GBIF}},
    url = {https://www.gbif.org/what-is-gbif}
}

@incollection{Dozzier_4paradigm_2009,
    title = {{The emerging science of environmental applications}},
    year = {2009},
    booktitle = {The fourth paradigm: data-intensive scientific discovery},
    author = {Dozzier, Jeff and Gail, William B},
    chapter = {2},
    pages = {13--19}
}

@article{Kemp2015,
    title = {{Museums: The endangered dead}},
    year = {2015},
    journal = {Nature},
    author = {Kemp, Christopher},
    number = {7539},
    pages = {292--294},
    volume = {518},
    isbn = {1476-4687 (Electronic){\textbackslash}r0028-0836 (Linking)},
    doi = {10.1038/518292a},
    issn = {14764687},
    pmid = {25693545}
}

@article{Jacobs2017,
    title = {{Completeness of citizen science biodiversity data from a volunteered geographic information perspective}},
    year = {2017},
    journal = {Geo-Spatial Information Science},
    author = {Jacobs, Clemens and Zipf, Alexander},
    number = {1},
    pages = {3--13},
    volume = {20},
    publisher = {Taylor {\&} Francis},
    url = {http://dx.doi.org/10.1080/10095020.2017.1288424},
    doi = {10.1080/10095020.2017.1288424},
    issn = {10095020},
    keywords = {Citizen science, Volunteered Geographic Information (VGI), completeness, data quality}
}

@article{Araujo2006,
    title = {{Five (or so) challenges for species distribution modelling}},
    year = {2006},
    journal = {Journal of Biogeography},
    author = {Ara{\'{u}}jo, Miguel B. and Guisan, Antoine},
    number = {10},
    pages = {1677--1688},
    volume = {33},
    isbn = {1365-2699},
    doi = {10.1111/j.1365-2699.2006.01584.x},
    issn = {03050270},
    pmid = {348},
    keywords = {Fundamental niche, Model evaluation, Niche models, Parameterization, Realized niche, Sampling, Variable selection}
}

@article{Daru2017,
    title = {{Widespread sampling biases in herbaria revealed from large-scale digitization: Sampling bias in herbarium specimens}},
    year = {2018},
    journal = {New Phytologist},
    author = {Daru, Barnabas H and Park, Daniel S and Primack, Richard B and Willis, Charles G and S Whitfeld, Timothy J and Seidler, Tristram G and Sweeney, Patrick W and Foster, R and Ellison, Aaron M and Davis, Charles C and Barrington, David S and Whitfeld, Timothy J.S and Seidler, Tristram G and Sweeney, Patrick W and Foster, David R and Ellison, Aaron M and Davis, Charles C},
    number = {2},
    pages = {939--955},
    volume = {217},
    url = {http://dx.doi.org/10.1101/165480},
    doi = {10.1101/165480},
    issn = {14698137},
    keywords = {collector bias, geographic bias, herbarium, regional flora, sampling bias, temporal bias, trait bias}
}

@misc{gbif_dataprocessing,
    title = {{Data processing}},
    year = {2018},
    author = {{GBIF.org}},
    url = {https://www.gbif.org/data-processing}
}

@article{TownsendPeterson1999,
    title = {{Sensitivity of distributional prediction algorithms to geographic data completeness}},
    year = {1999},
    journal = {Ecological Modelling},
    author = {Peterson, A. Townsend and Cohoon, Kevin P},
    number = {1},
    pages = {159--164},
    volume = {117},
    isbn = {0304-3800},
    doi = {10.1016/S0304-3800(99)00023-X},
    issn = {03043800},
    pmid = {6801},
    keywords = {Biodiversity, Distributional prediction, GARP, Geographic coverages, Sensitivity}
}

@article{Nelson1990,
    title = {{Endemism centres, refugia and botanical collection density in Brazilian Amazonia}},
    year = {1990},
    journal = {Nature},
    author = {Nelson, Bruce W. and Ferreira, Carlos A. C. and da Silva, Marlene F. and Kawasaki, Maria L.},
    number = {6277},
    pages = {714--716},
    volume = {345},
    url = {http://www.nature.com/doifinder/10.1038/345714a0},
    isbn = {0028-0836 (Print){\textbackslash}r0028-0836 (Linking)},
    doi = {10.1038/345714a0},
    issn = {0028-0836},
    pmid = {1694970},
    arxivId = {NIHMS150003}
}

@article{Soberon2007,
    title = {{Assessing completeness of biodiversity databases at different spatial scales}},
    year = {2007},
    journal = {Ecography},
    author = {Sober{\'{o}}n, Jorge and Jim{\'{e}}nez, Raul and Golubov, Jordan and Koleff, Patricia},
    number = {1},
    pages = {152--160},
    volume = {30},
    isbn = {0906-7590},
    doi = {10.1111/j.2006.0906-7590.04627.x},
    issn = {09067590}
}

@article{Grover2016,
    title = {{Node2Vec: Scalable Feature Learning for Networks}},
    year = {2016},
    journal = {Proceedings of the 22nd ACM SIGKDD International Conference on Knowledge Discovery and Data Mining - KDD '16},
    author = {Grover, Aditya and Leskovec, Jure},
    pages = {855--864},
    url = {http://dl.acm.org/citation.cfm?doid=2939672.2939754},
    isbn = {9781450342322},
    doi = {10.1145/2939672.2939754},
    issn = {2154-817X},
    pmid = {27853626},
    arxivId = {1607.00653},
    keywords = {feature learning, graph representations, information networks, node embeddings}
}

@article{Ravasz2002,
    title = {{Hierarchical organization of modularity in metabolic networks}},
    year = {2002},
    journal = {Science},
    author = {Ravasz, E. and Somera, A. L. and Mongru, D. A. and Oltvai, Z. N. and Barab{\'{a}}si, A. L.},
    number = {5586},
    pages = {1551--1555},
    volume = {297},
    isbn = {1095-9203 (Electronic){\textbackslash}n0036-8075 (Linking)},
    doi = {10.1126/science.1073374},
    issn = {00368075},
    pmid = {12202830},
    arxivId = {cond-mat/0209244}
}

@article{Koch-Janusz2017,
    title = {{Mutual Information, Neural Networks and the Renormalization Group}},
    year = {2017},
    journal = {Nature Physics},
    author = {Koch-Janusz, Maciej and Ringel, Zohar},
    publisher = {Springer US},
    url = {http://arxiv.org/abs/1704.06279},
    doi = {10.1038/s41567-018-0081-4},
    issn = {1745-2481},
    arxivId = {1704.06279}
}

@article{Soberon2004,
    title = {{Biodiversity informatics: managing and applying primary biodiversity data}},
    year = {2004},
    journal = {Philosophical Transactions of the Royal Society B: Biological Sciences},
    author = {Sober{\'{o}}n, Jorge and Peterson, Andrew Townsend},
    number = {1444},
    pages = {689--698},
    volume = {359},
    url = {http://rstb.royalsocietypublishing.org/cgi/doi/10.1098/rstb.2003.1439},
    isbn = {225},
    doi = {10.1098/rstb.2003.1439},
    issn = {0962-8436},
    pmid = {15253354},
    keywords = {biodiversity informatics, species niches, species ranges, taxonomic capacity}
}

@article{Oakleaf2009,
    title = {{Writing information literacy assessment plans: A guide to best practice}},
    year = {2009},
    journal = {Communications in Information Literacy},
    author = {Oakleaf, Megan},
    number = {2},
    pages = {80--90},
    volume = {3},
    isbn = {9783848215430},
    doi = {10.1002/asi},
    issn = {19335954},
    pmid = {502955140},
    arxivId = {0803.1716}
}

@article{Fortunato2010,
    title = {{Community detection in graphs}},
    year = {2010},
    journal = {Physics Reports},
    author = {Fortunato, Santo},
    number = {3-5},
    pages = {75--174},
    volume = {486},
    publisher = {Elsevier B.V.},
    url = {http://dx.doi.org/10.1016/j.physrep.2009.11.002},
    isbn = {0370-1573},
    doi = {10.1016/j.physrep.2009.11.002},
    issn = {03701573},
    pmid = {22166104},
    arxivId = {0906.0612},
    keywords = {Clusters, Graphs, Statistical physics}
}

@article{Leskovec2006,
    title = {{Graph Evolution: Densification and Shrinking Diameters}},
    year = {2006},
    author = {Leskovec, Jure and Kleinberg, Jon and Faloutsos, Christos},
    pages = {1--40},
    url = {http://arxiv.org/abs/physics/0603229},
    isbn = {1556-4681},
    doi = {10.1145/1217299.1217301},
    issn = {15564681},
    arxivId = {physics/0603229}
}

@article{Field2006,
    title = {{Identifying positions from affiliation networks: Preserving the duality of people and events}},
    year = {2006},
    journal = {Social Networks},
    author = {Field, Sam and Frank, Kenneth A. and Schiller, Kathryn and Riegle-Crumb, Catherine and Muller, Chandra},
    number = {2},
    pages = {97--123},
    volume = {28},
    isbn = {0378-8733},
    doi = {10.1016/j.socnet.2005.04.005},
    issn = {03788733},
    pmid = {20354579},
    keywords = {Affiliation networks, Clustering, Duality, models, p}
}

@article{Masuda2018,
    title = {{Innovation diffusion within large environmental NGOs through informal network agents}},
    year = {2018},
    journal = {Nature Sustainability},
    author = {Masuda, Yuta J. and Liu, Yuqing and Reddy, Sheila M. W. and Frank, Kenneth A. and Burford, Kyle and Fisher, Jonathan R. B. and Montambault, Jensen},
    pages = {1},
    publisher = {Springer US},
    url = {http://www.nature.com/articles/s41893-018-0045-9},
    doi = {10.1038/s41893-018-0045-9},
    issn = {2398-9629},
    keywords = {Interdisciplinary studies, Psychology and behaviour, Sustainability}
}

@article{Virkar2014,
    title = {{Power-Law Distributions in Binned Empirical Data 1}},
    year = {2014},
    journal = {The Annals of Applied Statistics},
    author = {Virkar, Yogesh and Clauset, Aaron},
    number = {1},
    pages = {89--119},
    volume = {8},
    url = {https://projecteuclid.org/download/pdfview_1/euclid.aoas/1396966280},
    doi = {10.1214/13-AOAS710},
    keywords = {Power-law distribution, binned data, heavy-tailed distributions, model selection}
}

@misc{James2018,
    title = {{Herbarium data: Global biodiversity and societal botanical needs for novel research: Global}},
    year = {2018},
    booktitle = {Applications in Plant Sciences},
    author = {James, Shelley A. and Soltis, Pamela S. and Belbin, Lee and Chapman, Arthur D. and Nelson, Gil and Paul, Deborah L. and Collins, Matthew},
    number = {2},
    volume = {6},
    doi = {10.1002/aps3.1024},
    issn = {15372197},
    keywords = {biodiversity data, biodiversity standards, global change, herbarium collections, informatics}
}

@article{Nualart2017,
    title = {{Assessing the Relevance of Herbarium Collections as Tools for Conservation Biology}},
    year = {2017},
    journal = {Botanical Review},
    author = {Nualart, Neus and Ib{\'{a}}{\~{n}}ez, Neus and Soriano, Ignasi and L{\'{o}}pez-Pujol, Jordi},
    number = {3},
    volume = {83},
    doi = {10.1007/s12229-017-9188-z},
    issn = {00068101}
}

@article{Walter2001,
    title = {{Coletas bot{\^{a}}nicas no Distrito Federal}},
    year = {2001},
    journal = {Flora do Distrito Federal, Brasil},
    author = {Walter, Bruno Machado Teles and Cavalcanti, Taciana Barbosa and Filgueiras, Tarciso S.},
    edition = {1},
    pages = {43--56},
    publisher = {Embrapa Recursos Gen{\'{e}}ticos e Biotecnologia},
    address = {Bras{\'{i}}lia}
}

@article{Gomes2012,
    title = {{George Eiten - 1923 - 2012}},
    year = {2012},
    journal = {Acta Botanica Brasilica},
    author = {Gomes, Sueli Maria and Walter, Bruno Machado Teles and Franco, Augusto César},
    number = {4},
    pages = {725--726},
    volume = {26}
}

@article{Irwin1996,
    title = {{Memories of The N e w York Botanical Garden ,}},
    year = {1996},
    author = {Irwin, S and Road, H S North Pamet and Memories, U S A and Rogers, David and Rogerson, Clark and Tillett, Stephen and Later, Harold Rickett},
    number = {3},
    pages = {365--371},
    volume = {48}
}

@article{Irwin1996b,
    title = {{Memories of The N e w York Botanical Garden ,}},
    year = {1996},
    author = {Irwin, S and Road, H S North Pamet and Memories, U S A and Rogers, David and Rogerson, Clark and Tillett, Stephen and Later, Harold Rickett},
    number = {3},
    pages = {365--371},
    volume = {48}
}

@article{Wake2008,
    title = {{Are we in the midst of the sixth mass extinction? A view from the world of amphibians}},
    year = {2008},
    journal = {Proceedings of the National Academy of Sciences},
    author = {Wake, D. B. and Vredenburg, V. T.},
    number = {Supplement 1},
    pages = {11466--11473},
    volume = {105},
    url = {http://www.pnas.org/cgi/doi/10.1073/pnas.0801921105},
    isbn = {0027-8424},
    doi = {10.1073/pnas.0801921105},
    issn = {0027-8424},
    pmid = {18695221}
}

@article{Ceballos2015,
    title = {{Accelerated modern human – induced species losses: entering the sixth mass extinction}},
    year = {2015},
    journal = {Science Advances},
    author = {Ceballos, Gerardo and Ehrlich, Paul R. and Barnosky, Anthony D. and Garc{\'{i}}a, Andrés and Pringle, Robert M. and Palmer, Todd M.},
    number = {e1400253},
    pages = {1--5},
    volume = {1},
    isbn = {2375-2548},
    doi = {10.1126/sciadv.1400253},
    issn = {2375-2548},
    pmid = {26601195},
    arxivId = {e1400253}
}

@article{Gurevitch2004,
    title = {{Are invasive species a major cause of extinctions?}},
    year = {2004},
    journal = {Trends in Ecology and Evolution},
    author = {Gurevitch, Jessica and Padilla, Dianna K.},
    number = {9},
    pages = {470--474},
    volume = {19},
    isbn = {0169-5347},
    doi = {10.1016/j.tree.2004.07.005},
    issn = {01695347},
    pmid = {16701309}
}

@article{Wilcove1998,
    title = {{Quantifying Threats to Imperiled Species in the United States}},
    year = {1998},
    journal = {BioScience},
    author = {Wilcove, David S. and Rothstein, David and Dubow, Jason and Phillips, Ali and Losos, Elizabeth},
    number = {8},
    pages = {607--615},
    volume = {48},
    url = {https://academic.oup.com/bioscience/article-lookup/doi/10.2307/1313420},
    isbn = {0006-3568},
    doi = {10.2307/1313420},
    issn = {00063568},
    pmid = {3029}
}

@article{Peterson2002a,
    title = {{Future projections for Mexican faunas under global climate change scenarios.}},
    year = {2002},
    journal = {Nature},
    author = {Peterson, Townsend and Ortega-Huerta, Miguel and Bartley, Jeremy and S{\'{a}}nchez-Cordero, Victor and Sober{\'{o}}n, Jorge and Buddemeier, Robert H and Stockwell, David R B},
    number = {6881},
    pages = {626--9},
    volume = {416},
    url = {http://www.ncbi.nlm.nih.gov/pubmed/11948349},
    isbn = {022},
    doi = {10.1038/416626a},
    issn = {0028-0836},
    pmid = {11948349},
    keywords = {Algorithms, Animals, Biological, Birds, Birds: physiology, Butterflies, Butterflies: physiology, Climate, Computer Simulation, Ecosystem, Mammals, Mammals: physiology, Mexico, Models, Population Dynamics, Species Specificity}
}

@article{FunkVAZermoglioMF1999a,
    title = {{Testing the use of specimen collection data and Gis in Biodiversity exploration and consection decision making in Guyana}},
    year = {1999},
    journal = {Biodivers Conserv},
    author = {Funk VA, Zermoglio MF, Nasir N},
    number = {727},
    pages = {751},
    volume = {8},
    isbn = {0960-3115},
    doi = {10.1023/A:1008877222842},
    issn = {1572-9710},
    keywords = {biodiversity, biological collections, gis, guyana, protected areas}
}

@article{Funk1999,
    title = {{Testing the use of specimen collection data and Gis in Biodiversity exploration and consection decision making in Guyana}},
    year = {1999},
    journal = {Biodivers Conserv},
    author = {Funk, V A and Zermoglio, M F and Nasir, N},
    number = {727},
    pages = {751},
    volume = {8},
    isbn = {0960-3115},
    doi = {10.1023/A:1008877222842},
    issn = {1572-9710},
    keywords = {biodiversity, biological collections, gis, guyana, protected areas}
}

@article{Pyke2010,
    title = {{Biological collections and ecological/environmental research: A review, some observations and a look to the future}},
    year = {2010},
    journal = {Biological Reviews},
    author = {Pyke, Graham H. and Ehrlich, Paul R.},
    number = {2},
    pages = {247--266},
    volume = {85},
    isbn = {1464-7931},
    doi = {10.1111/j.1469-185X.2009.00098.x},
    issn = {14647931},
    pmid = {19961469},
    keywords = {Biological collection, Ecology, Environment, Herbarium, Museum}
}

@article{Greve2016,
    title = {{Realising the potential of herbarium records for conservation biology}},
    year = {2016},
    journal = {South African Journal of Botany},
    author = {Greve, M. and Lykke, A. M. and Fagg, C. W. and Gereau, R. E. and Lewis, G. P. and Marchant, R. and Marshall, A. R. and Ndayishimiye, J. and Bogaert, J. and Svenning, J. C.},
    pages = {317--323},
    volume = {105},
    publisher = {South African Association of Botanists},
    url = {http://dx.doi.org/10.1016/j.sajb.2016.03.017},
    doi = {10.1016/j.sajb.2016.03.017},
    issn = {02546299},
    keywords = {Biological collections, Database, Historical records, Label information, Long-term data collections, Trait}
}

@article{Sparks2007,
    title = {{Lateral thinking on data to identify climate impacts}},
    year = {2007},
    journal = {Trends in Ecology and Evolution},
    author = {Sparks, Tim, H.},
    number = {4},
    pages = {167--169},
    volume = {22},
    isbn = {0169-5347 (Print)},
    doi = {10.1016/j.tree.2007.01.008},
    issn = {01695347},
    pmid = {17276538}
}

@article{Smith2012,
    title = {{Bringing collections out of the dark}},
    year = {2012},
    journal = {ZooKeys},
    author = {Smith, Vincent S and Blagoderov, Vladimir},
    pages = {1--6},
    volume = {209},
    isbn = {1313297013132989},
    doi = {10.3897/zookeys.209.3699},
    issn = {13132989},
    pmid = {22859874}
}

@article{Funk2004,
    title = {{100 Uses for an Herbarium (Well at Least 72)}},
    year = {2004},
    journal = {Plant Science Bulletin},
    author = {Funk, Vicki A},
    number = {29},
    pages = {94--95}
}

@article{Chapman2005b,
    title = {{Uses of primary species-occurrence data, version 1.0}},
    year = {2005},
    journal = {Report for the Global Biodiversity Information Facility},
    author = {Chapman, Arthur David},
    pages = {111},
    isbn = {15309320},
    keywords = {base de datos, biodiversidad, distribucion, especie amenazada, especie invasoras, registros}
}

@article{Sullivan2014,
    title = {{The eBird enterprise: An integrated approach to development and application of citizen science}},
    year = {2014},
    journal = {Biological Conservation},
    author = {Sullivan, Brian L. and Aycrigg, Jocelyn L. and Barry, Jessie H. and Bonney, Rick E. and Bruns, Nicholas and Cooper, Caren B. and Damoulas, Theo and Dhondt, André A. and Dietterich, Tom and Farnsworth, Andrew and Fink, Daniel and Fitzpatrick, John W. and Fredericks, Thomas and Gerbracht, Jeff and Gomes, Carla and Hochachka, Wesley M. and Iliff, Marshall J. and Lagoze, Carl and La Sorte, Frank A. and Merrifield, Matthew and Morris, Will and Phillips, Tina B. and Reynolds, Mark and Rodewald, Amanda D. and Rosenberg, Kenneth V. and Trautmann, Nancy M. and Wiggins, Andrea and Winkler, David W. and Wong, Weng-Keen and Wood, Christopher L. and Yu, Jun and Kelling, Steve},
    month = {1},
    pages = {31--40},
    volume = {169},
    url = {http://www.sciencedirect.com/science/article/pii/S0006320713003820},
    doi = {10.1016/j.biocon.2013.11.003},
    issn = {00063207},
    keywords = {Citizen-science, eBird}
}

@misc{florescer,
    title = {{FLORESCER: Herb{\'{a}}rio da Universidade de Bras{\'{i}}lia}},
    author = {Pedrosa, Filipe and Gallant, Janine},
    url = {http://florescer.unb.br/janela4.html}
}

@article{Wieczorek2012,
    title = {{Darwin core: An evolving community-developed biodiversity data standard}},
    year = {2012},
    journal = {PLoS ONE},
    author = {Wieczorek, John and Bloom, David and Guralnick, Robert and Blum, Stan and D{\"{o}}ring, Markus and Giovanni, Renato and Robertson, Tim and Vieglais, David},
    number = {1},
    volume = {7},
    isbn = {1932-6203 (Linking)},
    doi = {10.1371/journal.pone.0029715},
    issn = {19326203},
    pmid = {22238640}
}

@article{Adamic2005,
    title = {{The political blogosphere and the 2004 U.S. election}},
    year = {2005},
    journal = {Proceedings of the 3rd international workshop on Link discovery  - LinkKDD '05},
    author = {Adamic, Lada A. and Glance, Natalie},
    pages = {36--43},
    url = {http://portal.acm.org/citation.cfm?doid=1134271.1134277},
    isbn = {1595932151},
    doi = {10.1145/1134271.1134277},
    issn = {1595932151},
    pmid = {21592277}
}

@article{Borgatti2005,
    title = {{Centrality and network flow}},
    year = {2005},
    journal = {Social Networks},
    author = {Borgatti, Stephen P.},
    number = {1},
    pages = {55--71},
    volume = {27},
    isbn = {0378-8733},
    doi = {10.1016/j.socnet.2004.11.008},
    issn = {03788733},
    pmid = {16271455},
    keywords = {Centrality, Network flow, Typology}
}

@article{Brandes2008,
    title = {{On variants of shortest-path betweenness centrality and their generic computation}},
    year = {2008},
    journal = {Social Networks},
    author = {Brandes, Ulrik},
    number = {2},
    pages = {136--145},
    volume = {30},
    isbn = {0378-8733},
    doi = {10.1016/j.socnet.2007.11.001},
    issn = {03788733},
    pmid = {2321},
    keywords = {Algorithms, Betweenness centrality, Load centrality, Valued networks}
}

@article{Marin2011,
    title = {{Social Network Analysis: An introduction}},
    year = {2011},
    journal = {The SAGE handbook of social network analysis},
    author = {Marin, Alexandra and Wellman, Barry},
    volume = {11}
}

@article{TerSteege2011,
    title = {{A model of botanical collectors' behavior in the field: Never the same species twice}},
    year = {2011},
    journal = {American Journal of Botany},
    author = {ter Steege, Hans and Haripersaud, Paddy P. and B{\'{a}}nki, Olaf S. and Schieving, Feike},
    number = {1},
    pages = {31--37},
    volume = {98},
    isbn = {0002-9122},
    doi = {10.3732/ajb.1000215},
    issn = {00029122},
    pmid = {21613082}
}

@article{Penn2018,
    title = {{Mapping the history of botanical collectors: spatial patterns, diversity, and uniqueness through time}},
    year = {2018},
    journal = {Systematics and Biodiversity},
    author = {Penn, Malcolm G. and Cafferty, Steve and Carine, Mark},
    number = {1},
    pages = {1--13},
    volume = {16},
    publisher = {Taylor {\&} Francis},
    url = {https://doi.org/10.1080/14772000.2017.1355854},
    doi = {10.1080/14772000.2017.1355854},
    issn = {14780933},
    keywords = {Herbaria, collections, collector, geographical scope, spatial patterns, uniqueness}
}

@article{gbif_mpegh,
    title = {{Museu Paraense Emilio Goeldi Herbarium}},
    year = {2016},
    journal = {https://doi.org/10.15468/igjr8k accessed via GBIF.org on 2018-05-19},
    author = {Viana, P},
    url = {https://doi.org/10.15468/igjr8k}
}

@article{gbif_rb,
    title = {{RB - Rio de Janeiro Botanical Garden Herbarium Collection}},
    year = {2018},
    journal = {Version 84.146. Instituto de Pesquisas Jardim Botanico do Rio de Janeiro. Occurrence Dataset https://doi.org/10.15468/7ep9i2 accessed via GBIF.org on 2018-05-19},
    author = {Forzza, R. and Dalcin, E.},
    url = {https://doi.org/10.15468/7ep9i2}
}

@article{gbif_mbml,
    title = {{MBML-Herbario - Herb{\'{a}}rio Mello Leit{\~{a}}o.}},
    journal = {Version 1.39. Instituto Nacional da Mata Atl{\^{a}}ntica. Occurrence Dataset https://doi.org/10.15468/z8djaf accessed via GBIF.org on 2018-05-19},
    author = {Fernandes, H. de Queiroz Boudet}
}

@book{SchmitzAndConservation,
    title = {{and Ecosystem Conservation}},
    author = {Schmitz, Oswald J},
    isbn = {9781597260480}
}

@article{PearlResearchScience,
    title = {{Research Techniques in Animal Ecology Methods and Cases in Conservation Science}},
    author = {Pearl, Mary C}
}

@article{FernaldANIMALPHYSIOLOGY,
    title = {{ANIMAL PHYSIOLOGY}},
    author = {Fernald, Russell}
}

@article{GuytonFisiologiaMedica,
    title = {{Fisiologia M{\'{e}}dica}},
    author = {Guyton, Arthur C}
}

@article{2000DepartamentoMartins,
    title = {{Departamento de Engenharia Hidr{\'{a}}ulica e Sanit{\'{a}}ria SISTEMAS PARA A TRANSPOSI{\c{C}}{\~{A}}O DE PEIXES Sidney Lazaro Martins}},
    year = {2000},
    keywords = {para a, sidney lazaro martins, transposi{\c{c}}{\~{a}}o de peixes}
}

@article{Martins2004TransposicaoBarragens,
    title = {{Transposi{\c{c}}{\~{a}}o de peixes neotropicais em barragens}},
    year = {2004},
    author = {Martins, Sidney Lazaro and Barragens, E M}
}

@article{Albrecht2003FeedingBrazil,
    title = {{Feeding ecology of Leporinus taeniofasciatus ( Characiformes : Anostomidae ) before and after installation of a hydroelectric plant in the upper rio Tocantins , Brazil}},
    year = {2003},
    author = {Albrecht, Miriam P and Pellegrini-caramaschi, Erica},
    number = {October 1997},
    pages = {53--60},
    volume = {1},
    keywords = {diet, fish, neotropical, reservoir}
}

@article{BuenoCORUJASBRASILEIRAS,
    title = {{CORUJAS BRASILEIRAS}},
    author = {Bueno, Adriana De Arruda},
    number = {Tabela 1}
}

@article{HardwareApostilaBit,
    title = {{Apostila de Inform{\'{a}}tica A evolu{\c{c}}{\~{a}}o dos Computadores Eletr{\^{o}}nicos . Modelo de microprocessador Byte e Bit}},
    author = {Hardware, Conceitos De}
}

@article{Hampe1997Escrevendo1,
    title = {{Escrevendo um document{\'{a}}rio 1}},
    year = {1997},
    author = {Hampe, Barry},
    pages = {1--11}
}

@article{Ferreira2004,
    title = {{“ An{\'{a}}lise de Dados Ecol{\'{o}}gicos ”}},
    year = {2004},
    author = {Ferreira, Simone Pennafirme}
}

@misc{ARicklefs.pdf,
    title = {{A Economia da Natureza - Ricklefs.pdf}}
}

@article{Helio2004Prof.Ribeiro,
    title = {{Prof. H{\'{e}}lio Ormeu Ribeiro}},
    year = {2004},
    author = {H{\'{e}}lio, Prof and Ribeiro, Ormeu}
}

@article{KalilInstrumentacaoDigital,
    title = {{Instrumenta{\c{c}}{\~{a}}o Eletr{\^{o}}nica Digital}},
    author = {Kalil, Alexandre and Cst, Hanna and Athico, Carlos and Cst, Prates}
}

@article{NocoesCorte,
    title = {{No{\c{c}}ões B{\'{a}}sicas de Processos de Soldagem e Corte}}
}

@article{RegrasE,
    title = {{Regras para seguran{\c{c}}a Em soldagem , goivagem e}}
}

@book{CatalogoBrasil,
    title = {{Cat{\'{a}}logo das esp{\'{e}}cies de peixes de {\'{a}}gua doce do brasil}},
    isbn = {9788574270180}
}

@article{Shalizi2013FromView,
    title = {{from an Elementary Point of View}},
    year = {2013},
    author = {Shalizi, Cosma Rohilla}
}

@article{ACHUTTI2003OCiencias,
    title = {{O zool{\'{o}}gico como um ambiente educativo para vivenciar o ensino de ci{\^{e}}ncias}},
    year = {2003},
    journal = {Dissertacao Metrado - Itajai},
    author = {ACHUTTI, Márcia Regina Do Nascimento Gonçalves},
    keywords = {educa{\c{c}}{\~{a}}o ambiental, ensino de ci{\^{e}}ncias., zool{\'{o}}gico}
}

@misc{ChaveAnuros,
    title = {{Chave de Identifica{\c{c}}{\~{a}}o: Anf{\'{i}}bios Anuros}},
    url = {http://www.scielo.br/pdf/bn/v5n2/v5n2a16.pdf}
}

@book{2001EncyclopediaSciences,
    title = {{Encyclopedia of Life Sciences}},
    year = {2001},
    month = {5},
    publisher = {John Wiley {\&} Sons, Ltd},
    address = {Chichester, UK},
    isbn = {0470016175}
}

@misc{Lotka-VolterraModels,
    title = {{Lotka-Volterra Population Models}},
    url = {http://www.annualreviews.org/doi/pdf/10.1146/annurev.es.09.110178.001201}
}

@misc{EcologicalJSTOR,
    title = {{Ecological Mechanisms and Landscape Ecology on JSTOR}},
    url = {http://www.jstor.org/stable/3544931?seq=1#page_scan_tab_contents}
}

@misc{SpatialElsevier,
    title = {{Spatial and Spatio-temporal Epidemiology - Journal - Elsevier}},
    url = {http://www.journals.elsevier.com/spatial-and-spatio-temporal-epidemiology}
}

@article{Tran2006OnInformation,
    title = {{On the dynamics of dengue epidemics from large-scale information}},
    year = {2006},
    journal = {Theoretical Population Biology},
    author = {Tran, Annelise and Raffy, Marcel},
    number = {1},
    pages = {3--12},
    volume = {69},
    doi = {10.1016/j.tpb.2005.06.008},
    issn = {00405809}
}

@article{Esteva1998AnalysisModel,
    title = {{Analysis of a dengue disease transmission model}},
    year = {1998},
    journal = {Mathematical Biosciences},
    author = {Esteva, Lourdes and Vargas, Cristobal},
    number = {2},
    pages = {131--151},
    volume = {150},
    url = {http://www.sciencedirect.com/science/article/pii/S0025556498100032},
    doi = {10.1016/S0025-5564(98)10003-2}
}

@article{Sattenspiel1995ARegions,
    title = {{A structured epidemic model incorporating geographic mobility among regions}},
    year = {1995},
    journal = {Mathematical Biosciences},
    author = {Sattenspiel, Lisa and Dietz, Klaus},
    number = {1},
    pages = {71--91},
    volume = {128},
    doi = {10.1016/0025-5564(94)00068-B},
    issn = {00255564}
}

@article{Balcan2012InvasionPatterns,
    title = {{Invasion threshold in structured populations with recurrent mobility patterns}},
    year = {2012},
    journal = {Journal of Theoretical Biology},
    author = {Balcan, Duygu and Vespignani, Alessandro},
    isbn = {0022-5193},
    doi = {10.1016/j.jtbi.2011.10.010},
    issn = {00225193},
    pmid = {299243800011},
    keywords = {Contagion process, Infectious disease, Mathematical epidemiology, Metapopulation model, Reaction-diffusion process}
}

@article{Gouagna2015SeasonalIsland,
    title = {{Seasonal variation in size estimates of Aedes albopictus population based on standard mark–release–recapture experiments in an urban area on Reunion Island}},
    year = {2015},
    journal = {Acta Tropica},
    author = {Gouagna, Louis Clément and Dehecq, Jean-Sébastien and Fontenille, Didier and Dumont, Yves and Boyer, Sébastien},
    pages = {89--96},
    volume = {143},
    doi = {10.1016/j.actatropica.2014.12.011},
    issn = {0001706X}
}

@article{Lin2014TheAreas,
    title = {{The spatio-temporal characteristics of potential dengue risk assessed by Aedes aegypti and Aedes albopictus in high-epidemic areas}},
    year = {2014},
    journal = {Stochastic Environmental Research and Risk Assessment},
    author = {Lin, Chia-Hsien and Wen, Tzai-Hung and Teng, Hwa-Jen and Chang, Niann-Tai},
    month = {8},
    pages = {1--10},
    publisher = {Springer Berlin Heidelberg},
    url = {http://link.springer.com/10.1007/s00477-014-0940-1},
    doi = {10.1007/s00477-014-0940-1},
    issn = {1436-3240}
}

@article{Huff2016FLIRT-ingEpidemic.,
    title = {{FLIRT-ing with Zika: A Web Application to Predict the Movement of Infected Travelers Validated Against the Current Zika Virus Epidemic.}},
    year = {2016},
    journal = {PLoS currents},
    author = {Huff, Andrew and Allen, Toph and Whiting, Karissa and Breit, Nathan and Arnold, Brock},
    volume = {8},
    publisher = {Public Library of Science},
    url = {https://www.ncbi.nlm.nih.gov/pmc/articles/PMC4922883/},
    doi = {10.1371/currents.outbreaks.711379ace737b7c04c89765342a9a8c9},
    pmid = {27366587}
}

@article{Huang2016DynamicAustralia,
    title = {{Dynamic spatiotemporal trends of imported dengue fever in Australia}},
    year = {2016},
    journal = {Nature Publishing Group},
    author = {Huang, Xiaodong and Yakob, Laith and Devine, Gregor and Frentiu, Francesca D and Fu, Shiu-Yun and Hu, Wenbiao},
    doi = {10.1038/srep30360}
}

@article{Smith2012RossPathogens.,
    title = {{Ross, macdonald, and a theory for the dynamics and control of mosquito-transmitted pathogens.}},
    year = {2012},
    journal = {PLoS pathogens},
    author = {Smith, David L and Battle, Katherine E and Hay, Simon I and Barker, Christopher M and Scott, Thomas W and McKenzie, F Ellis},
    number = {4},
    pages = {e1002588},
    volume = {8},
    publisher = {Public Library of Science},
    url = {https://www.ncbi.nlm.nih.gov/pmc/articles/PMC3320609/},
    doi = {10.1371/journal.ppat.1002588},
    pmid = {22496640}
}

@article{Reiner2013A1970-2010.,
    title = {{A systematic review of mathematical models of mosquito-borne pathogen transmission: 1970-2010.}},
    year = {2013},
    journal = {Journal of the Royal Society, Interface / the Royal Society},
    author = {Reiner, Robert C and Perkins, T Alex and Barker, Christopher M and Niu, Tianchan and Chaves, Luis Fernando and Ellis, Alicia M and George, Dylan B and Le Menach, Arnaud and Pulliam, Juliet R C and Bisanzio, Donal and Buckee, Caroline and Chiyaka, Christinah and Cummings, Derek A T and Garcia, Andres J and Gatton, Michelle L and Gething, Peter W and Hartley, David M and Johnston, Geoffrey and Klein, Eili Y and Michael, Edwin and Lindsay, Steven W and Lloyd, Alun L and Pigott, David M and Reisen, William K and Ruktanonchai, Nick and Singh, Brajendra K and Tatem, Andrew J and Kitron, Uriel and Hay, Simon I and Scott, Thomas W and Smith, David L and Smith, David L.},
    number = {81},
    month = {4},
    pages = {20120921},
    volume = {10},
    publisher = {The Royal Society},
    url = {https://www.ncbi.nlm.nih.gov/pmc/articles/PMC3627099/},
    doi = {10.1098/rsif.2012.0921},
    pmid = {23407571}
}

@article{DeMonasterioUncoveringData,
    title = {{Uncovering the Spread of an Infectious Disease with Mobile Phone Data}},
    author = {De Monasterio, Juan and Salles, Alejo and Lang, Carolina and Weinberg, Diego and Minnoni, Martin and Travizano, Matias and Sarraute, Carlos}
}

@inproceedings{2016CBIS2016,
    title = {{CBIS 2016}},
    year = {2016}
}

@article{WeaverSCIENCECOMPLEXITY,
    title = {{SCIENCE AND COMPLEXITY}},
    author = {Weaver, Warren},
    url = {http://www.ceptualinstitute.com/genre/weaver/weaver-1947b.htm http://www.ceptualinstitute.com/genre/weaver/weaver-1947b.htm}
}

@misc{JournalAcademic,
    title = {{Journal of Complex Networks | Oxford Academic}},
    url = {https://academic.oup.com/comnet}
}

@article{Sayama2016WhatNetworks,
    title = {{What are essential concepts about networks?}},
    year = {2016},
    journal = {Journal of Complex Networks},
    author = {Sayama, Hiroki and Cramer, Catherine and Porter, Mason A. and Sheetz, Lori and Uzzo, Stephen},
    number = {3},
    month = {9},
    pages = {457--474},
    volume = {4},
    publisher = {Oxford University Press},
    url = {https://academic.oup.com/comnet/article-lookup/doi/10.1093/comnet/cnv028},
    doi = {10.1093/comnet/cnv028},
    issn = {2051-1310}
}

@article{Przulj2007BiologicalDistribution,
    title = {{Biological network comparison using graphlet degree distribution}},
    year = {2007},
    journal = {Bioinformatics},
    author = {Przulj, N.},
    number = {2},
    month = {1},
    pages = {e177-e183},
    volume = {23},
    publisher = {Oxford University Press},
    url = {https://academic.oup.com/bioinformatics/article-lookup/doi/10.1093/bioinformatics/btl301},
    doi = {10.1093/bioinformatics/btl301},
    issn = {1367-4803}
}

@article{Fagan2002ConnectivityMetapopulations,
    title = {{Connectivity, Fragmentation, and Extinction Risk in Dendritic Metapopulations}},
    year = {2002},
    journal = {Ecology},
    author = {Fagan, William F.},
    number = {12},
    month = {12},
    pages = {3243},
    volume = {83},
    url = {http://www.jstor.org/stable/3072074?origin=crossref},
    doi = {10.2307/3072074},
    issn = {00129658}
}

@article{Short2011ExtinctionSpecies,
    title = {{Extinction risk assessment of the world’s seagrass species}},
    year = {2011},
    journal = {Biological Conservation},
    author = {Short, Frederick T. and Polidoro, Beth and Livingstone, Suzanne R. and Carpenter, Kent E. and Bandeira, Salomão and Bujang, Japar Sidik and Calumpong, Hilconida P. and Carruthers, Tim J.B. and Coles, Robert G. and Dennison, William C. and Erftemeijer, Paul L.A. and Fortes, Miguel D. and Freeman, Aaren S. and Jagtap, T.G. and Kamal, Abu Hena M. and Kendrick, Gary A. and Judson Kenworthy, W. and La Nafie, Yayu A. and Nasution, Ichwan M. and Orth, Robert J. and Prathep, Anchana and Sanciangco, Jonnell C. and Tussenbroek, Brigitta van and Vergara, Sheila G. and Waycott, Michelle and Zieman, Joseph C.},
    number = {7},
    pages = {1961--1971},
    volume = {144},
    doi = {10.1016/j.biocon.2011.04.010},
    issn = {00063207}
}

@misc{AppliedScience,
    title = {{Applied Network Science}},
    url = {http://appliednetsci.springeropen.com/about/editorial-board}
}

@article{Kara2013AUSA,
    title = {{A decade of seasonal dynamics and co-occurrences within freshwater bacterioplankton communities from eutrophic Lake Mendota, WI, USA}},
    year = {2013},
    journal = {The ISME Journal},
    author = {Kara, Emily L and Hanson, Paul C and Hu, Yu Hen and Winslow, Luke and Mcmahon, Katherine D},
    number = {10},
    pages = {680--684},
    volume = {7118},
    doi = {10.1038/ismej.2012.118},
    keywords = {Subject Category, aquatic community, diversity, local similarity analysis, network analysis, seasonal dynamics, temporal dynamics}
}

@article{NumericalLegendre,
    title = {{Numerical Ecology Legendre}}
}

@article{Blum2016Foundations,
    title = {{Foundations of Data Science *}},
    year = {2016},
    author = {Blum, Avrim and Hopcroft, John and Kannan, Ravindran}
}

@article{PythonAnalysis,
    title = {{Python for Data Analysis}}
}

@article{PengRScience,
    title = {{R Programming for Data Science}},
    author = {Peng, Roger D},
    url = {http://leanpub.com/rprogramming}
}

@article{Williams2011BiologyNetworks,
    title = {{Biology, methodology or chance? The degree distributions of bipartite ecological networks}},
    year = {2011},
    journal = {PLoS ONE},
    author = {Williams, Richard J.},
    doi = {10.1371/journal.pone.0017645},
    issn = {19326203},
    pmid = {21390231}
}

@article{Jordano2016SamplingInteractions,
    title = {{Sampling networks of ecological interactions}},
    year = {2016},
    journal = {Functional Ecology},
    author = {Jordano, Pedro},
    editor = {Stouffer, Daniel},
    number = {12},
    month = {12},
    pages = {1883--1893},
    volume = {30},
    url = {http://doi.wiley.com/10.1111/1365-2435.12763},
    doi = {10.1111/1365-2435.12763},
    issn = {02698463},
    keywords = {animal interactions, complex networks, food webs, frugivory, mutualism, plant, pollination, seed dispersal}
}

@article{Morueta-Holme2016AData,
    title = {{A network approach for inferring species associations from co-occurrence data}},
    year = {2016},
    journal = {Ecography},
    author = {Morueta-Holme, Naia and Blonder, Benjamin and Sandel, Brody and McGill, Brian J. and Peet, Robert K. and Ott, Jeffrey E. and Violle, Cyrille and Enquist, Brian J. and J??rgensen, Peter M. and Svenning, Jens Christian},
    number = {12},
    volume = {39},
    isbn = {6503251521},
    doi = {10.1111/ecog.01892},
    issn = {16000587}
}

@article{Pecl2017BiodiversityWell-being,
    title = {{Biodiversity redistribution under climate change: Impacts on ecosystems and human well-being}},
    year = {2017},
    journal = {Science},
    author = {Pecl, Gretta T. and Ara{\'{u}}jo, Miguel B. and Bell, Johann D. and Blanchard, Julia and Bonebrake, Timothy C. and Chen, I-Ching and Clark, Timothy D. and Colwell, Robert K. and Danielsen, Finn and Eveng{\aa}rd, Birgitta and Falconi, Lorena and Ferrier, Simon and Frusher, Stewart and Garcia, Raquel A. and Griffis, Roger B. and Hobday, Alistair J. and Janion-Scheepers, Charlene and Jarzyna, Marta A. and Jennings, Sarah and Lenoir, Jonathan and Linnetved, Hlif I. and Martin, Victoria Y. and McCormack, Phillipa C. and McDonald, Jan and Mitchell, Nicola J. and Mustonen, Tero and Pandolfi, John M. and Pettorelli, Nathalie and Popova, Ekaterina and Robinson, Sharon A. and Scheffers, Brett R. and Shaw, Justine D. and Sorte, Cascade J. B. and Strugnell, Jan M. and Sunday, Jennifer M. and Tuanmu, Mao-Ning and Verg{\'{e}}s, Adriana and Villanueva, Cecilia and Wernberg, Thomas and Wapstra, Erik and Williams, Stephen E.},
    number = {6332},
    volume = {355},
    url = {http://science.sciencemag.org/content/355/6332/eaai9214}
}

@article{Sfenthourakis2006SpeciesAssociation,
    title = {{Species co-occurrence: the case of congeneric species and a causal approach to patterns of species association}},
    year = {2006},
    journal = {Global Ecology and Biogeography},
    author = {Sfenthourakis, Spyros and Tzanatos, Evangelos and Giokas, Sinos},
    number = {1},
    month = {1},
    pages = {39--49},
    volume = {15},
    publisher = {Blackwell Science Ltd},
    url = {http://doi.wiley.com/10.1111/j.1466-822X.2005.00192.x},
    doi = {10.1111/j.1466-822X.2005.00192.x},
    issn = {1466-822X},
    keywords = {Assembly rules, community structure, competition, co‐occurrence, macroecology, species association}
}

@article{Pearson2003PredictingUseful,
    title = {{Predicting the impacts of climate change on the distribution of species: are bioclimate envelope models useful?}},
    year = {2003},
    journal = {Global Ecology and Biogeography},
    author = {Pearson, Richard G. and Dawson, Terence P.},
    number = {5},
    month = {9},
    pages = {361--371},
    volume = {12},
    publisher = {Blackwell Science Ltd},
    url = {http://doi.wiley.com/10.1046/j.1466-822X.2003.00042.x},
    doi = {10.1046/j.1466-822X.2003.00042.x},
    issn = {1466-822X},
    keywords = {bioclimate envelope, climate change, climate space, ecological modelling, ecological niche, hierarchy, scale}
}

@article{Pearson2002SPECIES:Species,
    title = {{SPECIES: A Spatial Evaluation of Climate Impact on the Envelope of Species}},
    year = {2002},
    journal = {Ecological Modelling},
    author = {Pearson, R.G and Dawson, T.P and Berry, P.M and Harrison, P.A},
    number = {3},
    pages = {289--300},
    volume = {154},
    url = {http://www.sciencedirect.com/science/article/pii/S030438000200056X},
    doi = {10.1016/S0304-3800(02)00056-X},
    issn = {03043800}
}

@article{Pollock2014UnderstandingJSDM,
    title = {{Understanding co-occurrence by modelling species simultaneously with a Joint Species Distribution Model (JSDM)}},
    year = {2014},
    journal = {Methods in Ecology and Evolution},
    author = {Pollock, Laura J. and Tingley, Reid and Morris, William K. and Golding, Nick and O'Hara, Robert B. and Parris, Kirsten M. and Vesk, Peter A. and McCarthy, Michael A.},
    editor = {McPherson, Jana},
    number = {5},
    month = {5},
    pages = {397--406},
    volume = {5},
    url = {http://doi.wiley.com/10.1111/2041-210X.12180},
    doi = {10.1111/2041-210X.12180},
    issn = {2041210X},
    keywords = {Eucalyptus, amphibians, biotic interactions, community assembly, correlated residuals, frogs, species covariance}
}

@article{Araujo2007TheChange,
    title = {{The importance of biotic interactions for modelling species distributions under climate change}},
    year = {2007},
    journal = {Global Ecology and Biogeography},
    author = {Ara{\'{u}}jo, Miguel B. and Luoto, Miska},
    number = {6},
    month = {11},
    pages = {743--753},
    volume = {16},
    publisher = {Blackwell Publishing Ltd},
    url = {http://doi.wiley.com/10.1111/j.1466-8238.2007.00359.x},
    doi = {10.1111/j.1466-8238.2007.00359.x},
    issn = {1466-822X},
    keywords = {Bioclimatic envelope models, Europe, Parnassius mnemosyne, climate change, clouded Apollo butterfly, cross‐validation, macroecology, sensitivity analysis, uncertainty}
}

@article{Rodriguez-Rodriguez2017FunctionalGradient,
    title = {{Functional consequences of plant-animal interactions along the mutualism-antagonism gradient}},
    year = {2017},
    journal = {Ecology},
    author = {Rodr{\'{i}}guez-Rodr{\'{i}}guez, María C. and Jordano, Pedro and Valido, Alfredo},
    month = {4},
    url = {http://doi.wiley.com/10.1002/ecy.1756},
    doi = {10.1002/ecy.1756},
    issn = {00129658},
    keywords = {Canary Islands, Isoplexis canariensis, antagonist, bird pollination, female reproductive success, individual‐based pollination networks, interaction strength, mating network, mutualist}
}

@misc{ANumerati,
    title = {{A Programmer's Guide to Data Mining:The Ancient Art of the Numerati}},
    url = {http://guidetodatamining.com/}
}

@article{BreveAprendizadoComplexas,
    title = {{Aprendizado de m{\'{a}}quina utilizando din{\^{a}}mica espa{\c{c}}o-temporal em redes complexas}},
    author = {Breve, Fabricio Aparecido},
    keywords = {aprendizado de m{\'{a}}quina, din{\^{a}}mica espa{\c{c}}o-temporal, redes complexas}
}

@book{TheScience,
    title = {{The Rightful Place of Science: Citizen Science}}
}

@article{Graham2008TheModels,
    title = {{The influence of spatial errors in species occurrence data used in distribution models}},
    year = {2008},
    journal = {Journal of Applied Ecology},
    author = {Graham, Catherine H and Elith, Jane and Hijmans, Robert J and Guisan, Antoine and Peterson, A. Townsend and Loiselle, Bette A and Anderson, Robert P. and Dudk, Miroslav and Ferrier, Simon and Huettmann, Falk and Leathwick, John and Lehmann, Anthony and Li, Jin and Lohmann, Lucia and Loiselle, Bette and Manion, Glenn and Moritz, Craig and Nakamura, Miguel and Nakazawa, Yoshinori and Overton, Jake and Phillips, Steven and Richardson, Karen and Pereira, Ricardo Scachetti and Schapire, Robert and Sober{\'{o}}n, Jorge and Williams, Stephen and Wisz, Mary and Zimmermann, Niklaus},
    number = {1},
    month = {8},
    pages = {239--247},
    volume = {45},
    publisher = {Blackwell Publishing Ltd},
    url = {http://doi.wiley.com/10.1111/j.1365-2664.2007.01408.x},
    isbn = {1365-2664},
    doi = {10.1111/j.1365-2664.2007.01408.x},
    issn = {00218901},
    pmid = {19694978},
    keywords = {Error, Geo-referencing, Locality points, Predictive modelling algorithms, Species distribution model, Uncertainty}
}

@article{vanderWal2015MappingRecording,
    title = {{Mapping species distributions: A comparison of skilled naturalist and lay citizen science recording}},
    year = {2015},
    journal = {Ambio},
    author = {van der Wal, René and Anderson, Helen and Robinson, Annie and Sharma, Nirwan and Mellish, Chris and Roberts, Stuart and Darvill, Ben and Siddharthan, Advaith},
    number = {S4},
    month = {11},
    pages = {584--600},
    volume = {44},
    publisher = {Springer Netherlands},
    url = {http://link.springer.com/10.1007/s13280-015-0709-x},
    doi = {10.1007/s13280-015-0709-x},
    issn = {0044-7447}
}

@article{Royan2016SharedCommunities,
    title = {{Shared environmental responses drive co-occurrence patterns in river bird communities}},
    year = {2016},
    journal = {Ecography},
    author = {Royan, Alexander and Reynolds, S. James and Hannah, David M. and Prudhomme, Christel and Noble, David G. and Sadler, Jonathan P.},
    number = {8},
    volume = {39},
    doi = {10.1111/ecog.01703},
    issn = {16000587}
}

@article{Lobo2008MoreData,
    title = {{More complex distribution models or more representative data?}},
    year = {2008},
    journal = {Biodiversity Informatics},
    author = {Lobo, Jorge M},
    isbn = {1546-9735},
    doi = {10.17161/bi.v5i0.40},
    issn = {15469735},
    pmid = {17630281}
}

@article{Lozier2009PredictingModelling,
    title = {{Predicting the distribution of Sasquatch in western North America: anything goes with ecological niche modelling}},
    year = {2009},
    journal = {Journal of Biogeography},
    author = {Lozier, J. D. and Aniello, P. and Hickerson, M. J.},
    number = {9},
    month = {9},
    pages = {1623--1627},
    volume = {36},
    publisher = {Blackwell Publishing Ltd},
    url = {http://doi.wiley.com/10.1111/j.1365-2699.2009.02152.x},
    doi = {10.1111/j.1365-2699.2009.02152.x},
    issn = {03050270},
    keywords = {Bigfoot, North America, Sasquatch, Ursus americanus, biodiversity informatics, climate change, ecological niche models, species distributions}
}

@article{ZahariaSpark:Sets,
    title = {{Spark: Cluster Computing with Working Sets}},
    author = {Zaharia, Matei and Chowdhury, Mosharaf and Franklin, Michael J and Shenker, Scott and Stoica, Ion},
    url = {http://people.csail.mit.edu/matei/papers/2010/hotcloud_spark.pdf}
}

@article{Kass2016TenPractice,
    title = {{Ten Simple Rules for Effective Statistical Practice}},
    year = {2016},
    journal = {PLOS Computational Biology},
    author = {Kass, Robert E. and Caffo, Brian S. and Davidian, Marie and Meng, Xiao-Li and Yu, Bin and Reid, Nancy},
    editor = {Lewitter, Fran},
    number = {6},
    month = {6},
    pages = {e1004961},
    volume = {12},
    publisher = {CRC Press},
    url = {http://dx.plos.org/10.1371/journal.pcbi.1004961},
    doi = {10.1371/journal.pcbi.1004961},
    issn = {1553-7358}
}

@article{Ghahramani2015ProbabilisticIntelligence,
    title = {{Probabilistic machine learning and artificial intelligence}},
    year = {2015},
    author = {Ghahramani, Zoubin},
    url = {https://www.repository.cam.ac.uk/bitstream/handle/1810/248538/Ghahramani%202015%20Nature.pdf}
}

@article{Jain2010DataK-means,
    title = {{Data clustering: 50 years beyond K-means}},
    year = {2010},
    journal = {Pattern Recognition Letters},
    author = {Jain, Anil K. and Reddy, Chandan K and Varghese, K and Bahri, I and Tisan, A and Naouar, MW and He, B and Luo, Q and Sander, PV and Yang, K},
    number = {8},
    month = {6},
    pages = {651--666},
    volume = {31},
    publisher = {Springer International Publishing},
    url = {http://linkinghub.elsevier.com/retrieve/pii/S0167865509002323},
    doi = {10.1016/j.patrec.2009.09.011},
    issn = {01678655},
    keywords = {Communications Engineering, Computational Science and Engineering, Data Mining and Knowledge Discovery, Database Management, Information Storage and Retrieval, Mathematical Applications in Computer Science, Networks}
}

@inproceedings{ZhongwenLuoArtificialUnit,
    title = {{Artificial neural network computation on graphic process unit}},
    booktitle = {Proceedings. 2005 IEEE International Joint Conference on Neural Networks, 2005.},
    author = {{Zhongwen Luo} and {Hongzhi Liu} and {Xincai Wu}},
    pages = {622--626},
    volume = {2},
    publisher = {IEEE},
    url = {http://ieeexplore.ieee.org/document/1555903/},
    isbn = {0-7803-9048-2},
    doi = {10.1109/IJCNN.2005.1555903}
}

@article{Borrett2014IntroductionRetrospective,
    title = {{Introduction to the special issue “Systems Ecology: A Network Perspective and Retrospective”}},
    year = {2014},
    journal = {Ecological Modelling},
    author = {Borrett, Stuart R and Fath, Brian D and Whipple, Stuart J},
    pages = {1--3},
    volume = {293},
    doi = {10.1016/j.ecolmodel.2014.10.005}
}

@misc{Vale2012Across-taxaBias,
    title = {{Across-taxa incongruence in patterns of collecting bias}},
    year = {2012},
    booktitle = {Journal of Biogeography},
    author = {Vale, Mariana M. and Jenkins, Clinton N.},
    isbn = {1365-2699},
    doi = {10.1111/j.1365-2699.2012.02750.x},
    issn = {03050270},
    keywords = {Amazon, Birds, Conservation biogeography, Linnean shortfall, Neotropics, Plants, Point data, Sampling bias, Thiessen network, Wallacean shortfall}
}

@article{Shipman2017CRISPRCasBacteria,
    title = {{CRISPR–Cas encoding of a digital movie into the genomes of a population of living bacteria}},
    year = {2017},
    author = {Shipman, Seth L and Nivala, Jeff and Macklis, Jeffrey D and Church, George M},
    doi = {10.1038/nature23017}
}

@inproceedings{Wehmuth2015AGraphs,
    title = {{A unifying model for representing time-varying graphs}},
    year = {2015},
    booktitle = {2015 IEEE International Conference on Data Science and Advanced Analytics (DSAA)},
    author = {Wehmuth, Klaus and Ziviani, Artur and Fleury, Eric},
    month = {10},
    pages = {1--10},
    publisher = {IEEE},
    url = {http://ieeexplore.ieee.org/document/7344810/},
    isbn = {978-1-4673-8272-4},
    doi = {10.1109/DSAA.2015.7344810}
}

@article{Dalcin2005DataDatabases,
    title = {{Data Quality Concepts and Techniques Applied to Taxonomic Databases}},
    year = {2005},
    author = {Dalcin, Eduardo Couto},
    url = {http://dalcin.org/eduardo/downloads/edalcin_thesis_submission.pdf}
}

@article{Blanchard2015ClimateWeb,
    title = {{Climate change: A rewired food web}},
    year = {2015},
    journal = {Nature},
    author = {Blanchard, Julia L.},
    number = {7577},
    month = {11},
    pages = {173--174},
    volume = {527},
    url = {http://www.nature.com/doifinder/10.1038/nature16311},
    doi = {10.1038/nature16311},
    issn = {0028-0836}
}

@article{Blonder2012TemporalAnalysis,
    title = {{Temporal dynamics and network analysis}},
    year = {2012},
    journal = {Methods in Ecology and Evolution},
    author = {Blonder, Benjamin and Wey, Tina W. and Dornhaus, Anna and James, Richard and Sih, Andrew},
    number = {6},
    month = {12},
    pages = {958--972},
    volume = {3},
    publisher = {Blackwell Publishing Ltd},
    url = {http://doi.wiley.com/10.1111/j.2041-210X.2012.00236.x},
    doi = {10.1111/j.2041-210X.2012.00236.x},
    issn = {2041210X},
    keywords = {dynamics, flow, graph theory, network, time aggregated, time ordered, time‐scale}
}

@misc{ComplexityCommunications,
    title = {{Complexity research in Nature Communications}},
    url = {https://www.nature.com/collections/ycjylwzvmz/content/editors'-picks}
}

@article{Cao2017DataOverview,
    title = {{Data Science: A Comprehensive Overview}},
    year = {2017},
    journal = {ACM Reference Format: Longbing Cao. ACM Comput. Surv. Article},
    author = {Cao, Longbing},
    number = {43},
    volume = {50},
    url = {http://dx.doi.org/10.1145/3076253},
    doi = {10.1145/3076253}
}

@inproceedings{BensonEdwinRaj2011AnalysisMethods,
    title = {{Analysis on credit card fraud detection methods}},
    year = {2011},
    booktitle = {2011 International Conference on Computer, Communication and Electrical Technology (ICCCET)},
    author = {Benson Edwin Raj, S. and Annie Portia, A.},
    month = {3},
    pages = {152--156},
    publisher = {IEEE},
    url = {http://ieeexplore.ieee.org/document/5762457/},
    isbn = {978-1-4244-9393-7},
    doi = {10.1109/ICCCET.2011.5762457}
}

@article{SoltaniHalvaiee2014ASystems,
    title = {{A novel model for credit card fraud detection using Artificial Immune Systems}},
    year = {2014},
    journal = {Applied Soft Computing},
    author = {Soltani Halvaiee, Neda and Akbari, Mohammad Kazem},
    month = {11},
    pages = {40--49},
    volume = {24},
    url = {http://linkinghub.elsevier.com/retrieve/pii/S1568494614003160},
    doi = {10.1016/j.asoc.2014.06.042},
    issn = {15684946}
}

@article{Renoust2017MultiplexNetworks,
    title = {{Multiplex flows in citation networks}},
    year = {2017},
    journal = {Applied Network Science},
    author = {Renoust, Benjamin and Claver, Vivek and Baffier, Jean-François},
    number = {1},
    month = {12},
    pages = {23},
    volume = {2},
    url = {http://appliednetsci.springeropen.com/articles/10.1007/s41109-017-0035-2},
    doi = {10.1007/s41109-017-0035-2},
    issn = {2364-8228}
}

@article{Weng2013ViralityNetworks,
    title = {{Virality Prediction and Community Structure in Social Networks}},
    year = {2013},
    journal = {Scientific Reports},
    author = {Weng, Lilian and Menczer, Filippo and Ahn, Yong-Yeol},
    isbn = {2045-2322 (Electronic){\textbackslash}r2045-2322 (Linking)},
    doi = {10.1038/srep02522},
    issn = {2045-2322},
    pmid = {23982106},
    arxivId = {1306.0158v1}
}

@article{Wieczorek2012DarwinStandard,
    title = {{Darwin Core: An Evolving Community-Developed Biodiversity Data Standard}},
    year = {2012},
    journal = {PLoS ONE},
    author = {Wieczorek, John and Bloom, David and Guralnick, Robert and Blum, Stan and D{\"{o}}ring, Markus and Giovanni, Renato and Robertson, Tim and Vieglais, David},
    editor = {Sarkar, Indra Neil},
    number = {1},
    month = {1},
    pages = {e29715},
    volume = {7},
    url = {http://dx.plos.org/10.1371/journal.pone.0029715},
    doi = {10.1371/journal.pone.0029715},
    issn = {1932-6203}
}

@article{Zhou2007BipartiteRecommendation,
    title = {{Bipartite network projection and personal recommendation}},
    year = {2007},
    journal = {Physical Review E - Statistical, Nonlinear, and Soft Matter Physics},
    author = {Zhou, Tao and Ren, Jie and Medo, Matúš and Zhang, Yi Cheng},
    doi = {10.1103/PhysRevE.76.046115},
    issn = {15393755},
    pmid = {17995068},
    arxivId = {0707.0540}
}

@article{Li2017TheNetworks.,
    title = {{The fundamental advantages of temporal networks.}},
    year = {2017},
    journal = {Science (New York, N.Y.)},
    author = {Li, A and Cornelius, S P and Liu, Y-Y and Wang, L and Barab{\'{a}}si, Albert-László},
    number = {6366},
    month = {11},
    pages = {1042--1046},
    volume = {358},
    publisher = {American Association for the Advancement of Science},
    url = {http://www.ncbi.nlm.nih.gov/pubmed/29170233},
    doi = {10.1126/science.aai7488},
    issn = {1095-9203},
    pmid = {29170233}
}

@misc{FlorescerProject,
    title = {{Florescer Project}},
    url = {http://www.florescer.unb.br/}
}

@article{PortoCienciaDados,
    title = {{Ci{\^{e}}ncia de Dados}},
    author = {Porto, Fábio and Ziviani, Artur},
    url = {http://www.lncc.br/~ziviani/papers/III-Desafios-SBC2014-CiD.pdf}
}

@article{BulucParallelBlocks,
    title = {{Parallel Sparse Matrix-Vector and Matrix-Transpose-Vector Multiplication Using Compressed Sparse Blocks}},
    author = {Bulu{\c{c}}, Aydın and Fineman, Jeremy T and Frigo, Matteo and Gilbert, John R and Leiserson, Charles E and Edu, Cel@mit},
    url = {https://people.eecs.berkeley.edu/~aydin/csb2009.pdf},
    keywords = {Design, Experimentation, G4 [Mathematics of Computing], Performance, Theory Keywords Compressed sparse blocks, com-pressed sparse rows, compressed sparse columns, matrix transpose, matrix-vector multiplica-tion, multithreaded algorithm, parallelism, span, sparse matrix, storage format, work}
}

@article{Hobson2014BehavioralTheoretical,
    title = {{Behavioral Ecology The dynamics of animal social networks : analytical , conceptual , and theoretical}},
    year = {2014},
    author = {Hobson, Elizabeth and Smith, Jennifer E and Edelman, Andrew},
    number = {May},
    doi = {10.1093/beheco/art047}
}

@article{Beck2014SpatialDistributions,
    title = {{Spatial bias in the GBIF database and its effect on modeling species' geographic distributions}},
    year = {2014},
    journal = {Ecological Informatics},
    author = {Beck, Jan and B{\"{o}}ller, Marianne and Erhardt, Andreas and Schwanghart, Wolfgang},
    volume = {19},
    isbn = {1574-9541},
    doi = {10.1016/j.ecoinf.2013.11.002},
    issn = {15749541},
    pmid = {linkinghub.elsevier.com/retrieve/pii/S1574954113001155}
}